1958 2605
654 239 1155 274 MOSCOVITARVM
1204 239 1490 281 RELIGIO,

150 311 320 383 ’ζζῇζέζζζῑ
370 310 632 355 nobiscum:
658 325 817 354 uerum
843 325 944 354 cum
973 312 1070 370 quis
1103 309 1314 371 ingressus
1341 310 1479 355 fuerit
1511 311 1778 356 monasteri-

370 400 473 437 um,
496 400 728 444 nunquam
755 384 801 428 in
831 396 1101 444 perpetuum
1126 401 1313 445 quoquo
1340 384 1501 437 modo,
1530 385 1677 445 quaue
1700 386 1778 430 in-

371 458 599 519 dulgentia
626 459 665 502 ei
689 458 839 502 licebit
865 459 1010 511 exire,
1035 471 1111 503 aut
1134 460 1308 519 reliquo
1336 471 1497 503 uotum
1530 459 1705 503 irritum
1732 458 1779 503 fa

370 548 481 577 cere.
509 533 628 576 Vota
654 547 764 576 uero
790 532 871 576 tria
893 531 996 577 sunt
1019 549 1118 593 quae
1143 533 1338 586 exhibet,
1364 549 1445 578 ceu
1470 533 1618 586 nostri,
1643 533 1779 577 Obe—

371 607 549 650 dientiae
584 604 771 658 scilicet,
806 607 1105 665 paupertatiS,
1137 608 1184 651 ὃς
1218 607 1447 651 castitatis:
1486 608 1602 667 Qae
1625 605 1656 650 fi
1680 607 1779 666 quis

370 677 720 741 praetergressus,
755 679 779 723 e
812 680 1076 725 monasterio
1112 683 1188 741 qui
1221 681 1432 742 profilijt‚
1473 680 1780 742 deprehendi-

372 769 467 808 tur,
490 766 712 814 perpetuo
738 769 911 799 carcere
935 756 979 799 in
1001 771 1182 815 poenam
1214 758 1324 801 tanti
1348 755 1520 800 sceleris
1544 755 1777 800 clauditur.

370 831 514 874 Tanta
537 829 597 873 est
625 841 839 873 uotorum
877 828 1105 882 sanffltas,
1149 842 1200 874 ut
1233 832 1366 875 etiam
1402 832 1605 891 quamuis
1637 831 1780 875 multa

370 903 489 963 apud
528 903 758 948 Ruthenos
804 902 1119 964 archiepiscopi
1163 904 1209 948 ὃς
1250 903 1561 964 episcoporum
1609 904 1780 949 autho—

369 979 471 1022 ritas
495 976 569 1030 fit,
594 979 640 1021 in
663 977 729 1021 his
754 989 902 1021 tamen
937 978 1019 1021 illis
1044 978 1227 1022 minime
1261 979 1501 1038 quicquam
1529 977 1778 1022 concessum

369 1052 440 1097 est.
492 1051 632 1111 Qod
672 1052 936 1096 uouendum
977 1053 1021 1096 ἃ
1062 1052 1341 1097 reddendum
1380 1052 1564 1097 domino
1607 1051 1780 1096 utrius—

369 1142 457 1186 que
483 1126 731 1170 testamenti
754 1125 968 1186 scriptura
991 1126 1201 1179 edoceat,
1226 1128 1364 1170 immo
1388 1126 1482 1186 ipsa
1504 1127 1667 1170 ueritas
1700 1141 1780 1170 re—

181 1207 291 1240 Castitas·
368 1201 528 1260 quirat.
557 1199 776 1244 Castitatis
800 1200 950 1259 itaque
976 1199 1087 1244 adeo
1112 1201 1224 1244 ratio
1247 1200 1402 1244 haberi
1424 1199 1560 1253 solet,
1584 1212 1636 1244 ut
1653 1215 1780 1244 nun—

369 1289 504 1333 quam
537 1273 764 1318 monachis
803 1288 965 1318 uxores
1009 1273 1196 1326 ducere,
1237 1290 1386 1334 neque
1414 1274 1683 1318 monialibus
1716 1289 1780 1317 nu

110 1380 139 1403 1„
147 1348 475 1403 duce71dis1c.1-or·i-bese
498 1348 639 1393 liceat.
661 1349 723 1392 Ita
741 1349 860 1392 enim
885 1347 909 1392 a
932 1349 1065 1392 Paulo
1085 1349 1131 1392 ἃ
1152 1360 1244 1393 tota
1263 1347 1443 1393 ecclefia
1464 1348 1775 1409 prohibentur.

111 1418 359 1476 ‘'usas“s‘s‘ffi‘ib‘ff
370 1423 406 1466 Is
433 1434 584 1466 autem
608 1423 686 1482 qui
708 1423 883 1483 uirgine
914 1422 1044 1466 bonae
1076 1421 1207 1466 famae
1241 1421 1392 1475 duxit,
1428 1423 1473 1466 in
1503 1421 1778 1466 sacerdotem

111 1459 303 1490 stloscouisarum
311 1467 346 1483 mo

110 1496 628 1573 {gffjl‘bnz‘ffiglfflo'ordinatur‚
672 1498 719 1541 in
763 1496 1034 1541 monachum
1080 1508 1229 1541 tamen
1272 1512 1505 1557 nunquam
1549 1497 1775 1556 recipitur.

135 1578 329 1612 sonstitutifims·
369 1570 606 1631 Episcopus
654 1582 806 1615 autem
849 1571 924 1614 uel
967 1570 1166 1614 sacerdos
1209 1570 1494 1630 posteaquam
1534 1569 1692 1614 caelebs
1732 1570 1779 1613 in

368 1645 534 1689 sortem
558 1645 728 1689 domini
760 1657 948 1689 uocatus
975 1657 1111 1705 atque
1144 1644 1418 1705 conscriptus
1450 1643 1612 1696 fuerit,
1647 1643 1780 1687 coniu

368 1721 441 1781 gio
475 1736 568 1764 non
601 1720 853 1780 copulatur,
888 1718 963 1763 sed
1000 1731 1232 1779 perpetuae
1266 1718 1448 1763 castitati
1482 1717 1775 1778 adstringitur.

369 1794 508 1854 Qod
531 1793 562 1837 fi
585 1795 682 1854 quis
707 1793 1031 1837 concubinatus
1064 1793 1233 1837 crimen
1269 1792 1493 1836 admiserit
1525 1790 1672 1851 (quod
1707 1803 1778 1835 ta-

367 1884 473 1913 men
512 1867 630 1928 apud
668 1867 899 1912 Ruthenos
938 1867 1099 1911 uitium
1138 1866 1198 1910 est
1242 1865 1524 1924 rariffimum)
1567 1865 1779 1908 acerrima

366 1959 502 2003 poena
539 1943 593 1986 ab
633 1941 843 2002 episcopo
882 1940 1108 2001 affligitur,
1148 1939 1263 1999 suoq
1300 1939 1520 1984 beneficio
1558 1940 1774 1999 priuatur.

369 2018 524 2077 Cumq
557 2031 673 2060 uxor
707 2015 843 2060 semel
881 2028 1061 2059 mortua
1093 2013 1247 2066 fuerit,
1282 2030 1416 2073 quam
1448 2014 1594 2074 primo
1634 2012 1776 2065 duxit,

368 2093 413 2136 in
447 2103 718 2152 perpetuum
752 2106 879 2150 quoq
912 2090 1041 2134 aliam
1075 2089 1121 2132 in
1159 2103 1348 2132 uxorem
1376 2103 1608 2147 nunquam
1642 2086 1780 2137 ducit„

368 2169 474 2211 Non
506 2166 734 2227 bigamum
761 2180 903 2225 namq,
928 2176 972 2208 at
1006 2164 1138 2207 unius
1171 2163 1322 2206 uxoris
1345 2162 1493 2206 uirum
1518 2160 1779 2221 episcopum

368 2240 553 2285 instituit
592 2240 762 2284 Paulus.
814 2241 861 2283 Et
900 2237 1022 2298 quod
1060 2237 1215 2298 pietati
1254 2235 1578 2297 colophonium
1616 2234 1778 2279 addere

1671 2307 1776 2352 uide
