1958 2605
550 292 1307 327 D.10.FABR1AVTHORE.

222 365 442 409 omnibus.
483 365 617 425 Apud
639 364 755 425 ipsos
779 364 916 424 deniq
950 380 1029 424 per
1058 365 1197 409 uerba
1228 364 1442 409 incantari
1470 363 1630 424 serpen

225 450 313 492 tes,
346 454 426 499 per
449 439 587 483 uerba
610 440 709 499 eijci
726 438 982 491 daemones,
1016 438 1063 483 ὃς
1085 439 1263 483 liberari
1286 437 1475 482 obsessos
1499 454 1630 482 com—

222 528 360 557 mune
382 512 447 557 fit.
484 515 562 556 Per
596 513 811 556 ieiunium
846 513 965 557 enim
990 513 1036 556 &
1070 513 1321 557 orationem
1345 512 1508 573 expelli
1531 511 1629 555 dae—

222 587 452 638 monium,
498 585 694 629 Christus
738 585 835 646 post
876 585 920 630 se
960 585 1170 646 scriptum
1209 586 1401 646 reliquit.
1447 587 1629 647 Signum

223 660 360 703 crucis
400 675 447 703 ac
479 660 718 720 imaginem
749 658 970 711 crucifixi,
1011 661 1143 703 etiam
1175 671 1330 704 contra
1359 659 1502 704 hostes
1534 675 1628 719 pu—

222 734 424 793 gnaturi,
453 731 602 778 secum
631 732 864 786 deferunt,
900 733 1002 778 inde
1033 734 1293 794 triumphari
1317 734 1626 787 desiderantes,
1655 785 1659 787 ,

222 806 341 850 unde
374 808 421 851 ἅ
455 806 665 851 Christus.
716 806 895 852 Sancios
926 823 1034 852 uere
1064 823 1146 868 pro
1181 808 1307 852 nobis
1341 807 1459 868 apud
1492 808 1626 852 deum

222 880 498 925 intercedere
521 880 641 941 pofle
674 881 887 935 credunt,
923 897 971 926 ac
1001 882 1123 941 quod
1155 881 1308 926 sedulo
1332 881 1497 926 faciant
1521 882 1627 942 spe-

222 965 346 1006 rant,
387 969 580 1013 quorum
618 955 751 999 etiam
791 967 900 999 uota
935 953 1107 999 facilius
1142 955 1340 999 exaudiri
1376 967 1622 1000 autumant.

223 1027 376 1085 Qare
405 1027 451 1070 ὃς
475 1043 550 1071 eos
585 1029 797 1072 inuocant
830 1029 877 1072 δε
906 1041 1192 1072 uenerantur.
1229 1030 1307 1072 Eos
1335 1044 1518 1088 quoque
1549 1030 1626 1088 qui

222 1100 400 1160 publice
423 1114 630 1160 peccant,
656 1103 1118 1146 excommunicatione
1140 1102 1462 1162 persequutus,
1491 1119 1624 1163 quam

222 1189 380 1218 eorum
402 1175 554 1235 lingua
577 1174 740 1219 obscha
762 1187 947 1228 uocant,
973 1191 1105 1235 quam
1128 1175 1159 1219 fi
1183 1177 1279 1236 quis
1302 1177 1504 1228 incurrit,
1530 1177 1553 1220 ὲ
1572 1183 1624 1220 co

221 1248 347 1291 muni
387 1249 589 1292 omnium
628 1248 863 1292 hominum
902 1248 1157 1301 consortio,
1198 1250 1245 1293 ἃς
1284 1249 1625 1294 conuersatione

222 1319 499 1365 ecclefiastica
522 1322 707 1381 eijcitur.
733 1323 926 1365 Vnicum
950 1322 1010 1366 est
1033 1322 1155 1382 quod
1179 1322 1203 1366 ὲ
1226 1323 1353 1366 nobis
1386 1322 1488 1367 sane
1511 1339 1624 1383 pro-

220 1393 316 1437 bari
339 1409 432 1437 non
454 1394 621 1454 potest,
642 1395 688 1438 ὁὶ
706 1394 731 1438 a
753 1395 907 1439 nostris
932 1395 1135 1440 institutis
1159 1395 1482 1449 alieniffimum,
1503 1396 1624 1456 quod

221 1468 369 1527 pueris
392 1468 470 1510 uix
492 1467 598 1511 dum
636 1480 721 1512 tres
752 1484 890 1512 annos
923 1470 1034 1513 natis
1069 1469 1333 1513 eucharistiae²
1368 1469 1624 1514 sacramen-

224 1552 319 1585 tum
342 1541 571 1601 praebent,
605 1542 760 1602 quodq
783 1543 827 1586 in
850 1558 965 1602 pane
987 1541 1258 1587 fermentato
1286 1542 1528 1587 conficiunt
1543 1579 1553 1596 ‚
1577 1543 1625 1588 ἃ,

223 1629 279 1658 ex
301 1614 486 1658 cocleari
508 1630 670 1674 panem
694 1616 802 1659 uino
826 1616 1030 1660 intritum
1052 1631 1134 1676 pro
1159 1632 1347 1677 corpore
1370 1617 1417 1660 ἃ
1440 1615 1624 1677 sangui—

223 1703 281 1731 ne
309 1688 479 1746 populo
503 1689 762 1732 ministrant.

286 1761 344 1803 Hi
367 1759 470 1805 sunt
497 1762 648 1820 itaque
671 1777 816 1806 mores
841 1761 1203 1814 Moscouitarum‚
1227 1762 1321 1806 haec
1345 1763 1521 1823 religio,
1551 1764 1625 1808 illa

223 1835 387 1894 pietas,
421 1833 691 1879 Sereniffime
724 1836 952 1895 princeps,
986 1852 1085 1895 quae
1110 1837 1153 1879 in
1178 1835 1437 1880 uniuersum
1460 1838 1625 1897 inclyta

226 1919 302 1951 tua
333 1908 379 1951 in
412 1908 543 1951 rebus
578 1907 738 1952 diuinis
769 1909 1058 1968 procurandis
1090 1908 1296 1954 sedulitas
1331 1911 1535 1970 ignorare
1565 1927 1624 1955 o—

223 1981 379 2024 mnino
404 1982 572 2034 noluit,
608 1981 743 2041 ideoq
770 1981 879 2026 iusiu
907 1995 984 2027 tuo
1008 1983 1102 2026 haec
1126 1995 1245 2027 certe
1268 1984 1446 2027 illorum
1468 1984 1624 2028 homi—

224 2070 334 2098 num
356 2054 595 2115 perquisita
621 2055 748 2108 sunt,
782 2057 858 2116 qui
891 2056 1013 2116 quod
1045 2058 1200 2101 Turcis
1233 2073 1280 2101 ac
1303 2058 1496 2101 Tartaris
1530 2074 1624 2102 un-

225 2126 304 2186 diq
325 2127 589 2181 circundati,
614 2129 668 2172 ad
690 2144 810 2174 mare
832 2131 1012 2191 glaciale
1043 2129 1287 2192 longiffime
1313 2130 1337 2175 ὲ
1361 2131 1488 2175 nobis
1522 2130 1625 2176 sunt

226 2199 316 2253 fiti,
345 2202 478 2262 igitur
499 2200 712 2246 haetenus
735 2204 905 2263 aliquot
928 2202 1073 2247 secula
1094 2219 1252 2264 parurn
1286 2205 1485 2265 comertij
1522 2220 1623 2249 cum

229 2275 416 2335 imperio
448 2275 618 2329 nostro,
647 2276 793 2336 adeoq
824 2276 1078 2322 Christianis
1105 2277 1383 2331 habuerunt,
1417 2278 1527 2322 nihil
1551 2291 1624 2323 ta-

1374 2354 1417 2395 D
1459 2367 1475 2412 5
