1958 2605
514 267 556 300 D.
604 266 679 299 10.
727 265 892 299 FABRI
935 263 1237 298 AVTHORE.

182 337 230 380 ἃ
253 337 535 397 Euangelium
558 351 685 395 aeque
708 336 753 378 in
780 333 907 378 miffis
938 334 1115 378 habent.
1148 337 1207 378 At
1229 334 1346 379 letsto
1369 337 1574 395 Euange-

180 410 241 453 lio
267 416 325 453 no
350 425 456 453 mox
479 410 698 453 Nicenum
725 407 833 450 illud
860 406 1134 467 symbolum,
1167 407 1241 452 sed
1272 407 1368 467 post
1400 409 1573 469 angeli—

182 498 283 526 cum
315 495 517 534 cantum,
551 483 627 541 qui
658 479 838 524 Sancf'tus
873 481 1142 539 appellatur,
1174 482 1320 540 primu
1350 480 1457 526 fides
1485 482 1573 525 Ni—

180 571 288 599 cena
313 555 534 599 decantari
566 554 700 605 solet,
734 569 869 612 eumq
891 552 1122 597 dominicae
1146 555 1336 598 orationi
1368 554 1465 599 finis
1498 554 1573 599 fa-

180 627 275 672 tstus
305 627 465 679 fuerit,
489 643 595 671 mox
627 626 869 686 antiphona
902 625 957 669 de
990 627 1160 686 uirgine
1194 627 1326 671 Maria
1357 627 1569 688 sequitur.

182 699 470 744 Consecratio
495 701 586 759 itaq
614 715 740 759 aeque
764 699 817 743 ab
842 698 938 759 ipsls
962 700 1108 743 uerbis
1140 698 1190 744 fit
1216 700 1240 743 a
1263 701 1435 746 Christo
1459 717 1573 762 pro—

180 774 314 825 batis,
339 774 498 833 quibus
523 774 567 816 ὃς
593 789 689 817 eam
712 774 804 816 uim
829 771 1069 816 conceflam
1102 773 1311 826 credunt,
1346 787 1395 819 ut
1419 777 1573 835 prola—

183 848 234 892 tis
258 846 353 906 ipfis
377 846 402 890 a
426 846 665 898 sacerdote,
694 862 799 890 mox
816 858 1015 890 creatura
1037 849 1223 891 creatori
1246 847 1324 892 suo
1349 849 1488 901 cedat,
1513 850 1573 893 il—

180 920 290 979 ludq
329 919 447 979 quafi
488 919 770 964 necessarium
812 918 907 964 esse.
946 922 1066 963 Dum
1100 936 1209 965 uero
1242 921 1296 965 fic
1329 922 1572 974 conficitur,

181 1010 282 1038 ecce
320 995 442 1054 panis
481 993 599 1037 iustae
638 993 950 1054 magnitudinis
989 993 1198 1038 ordaceus
1231 996 1493 1054 apponitur,
1527 996 1573 1039 in

181 1068 304 1111 cuius
336 1067 482 1111 medio
515 1066 651 1110 hostia
683 1067 766 1118 est,
797 1068 867 1110 cui
903 1065 1098 1110 crucifixi
1122 1065 1284 1119 forma,
1316 1068 1500 1127 perinde
1524 1080 1574 1113 ut

180 1139 298 1200 apud
320 1156 424 1191 nos,
459 1138 657 1199 impressa
691 1140 910 1191 cernitur,
942 1155 1075 1198 quam
1111 1140 1154 1182 ui
1185 1139 1504 1185 benedifflionis
1527 1142 1572 1185 in

180 1228 339 1273 corpus
373 1212 531 1256 Christi
563 1211 820 1256 conuersam
856 1211 1054 1256 sacerdos
1088 1211 1165 1256 fibi
1198 1212 1329 1258 sumit
1361 1215 1406 1257 &
1438 1230 1573 1258 man—

181 1286 335 1338 ducat,
369 1287 587 1345 reliquum
621 1301 729 1329 uero
754 1287 876 1345 panis
897 1301 977 1345 per
1000 1286 1134 1330 frusta
1157 1286 1346 1330 diuisum
1371 1289 1573 1347 petenti—

180 1359 262 1402 bus
289 1358 503 1402 distribuit
523 1379 531 1401 :
560 1374 694 1418 quem
721 1357 899 1420 fingufi,
924 1375 1015 1403 non
1038 1371 1087 1404 ut
1110 1374 1268 1419 corpus
1292 1360 1474 1413 Christi,
1498 1359 1573 1405 sed

181 1433 322 1476 ueluti
357 1430 640 1475 benediflum
673 1432 891 1490 aliquem,
926 1432 971 1475 ὃς
1008 1432 1339 1491 quodammodo
1373 1432 1571 1478 sancstum

178 1520 340 1565 panem
377 1521 478 1548 cum
511 1504 679 1548 summa
711 1505 953 1550 deuotione
987 1505 1239 1566 suscipiunt.
1291 1508 1442 1551 Solent
1480 1509 1573 1567 itaq

178 1578 254 1622 has
277 1576 416 1622 missas
438 1577 659 1622 celebrare
682 1577 735 1621 de
766 1579 978 1630 trinitate,
1007 1578 1061 1623 de
1093 1579 1221 1623 beata
1255 1580 1460 1639 Virgine,
1484 1580 1572 1639 deq

180 1651 272 1710 alijs
301 1649 469 1694 sanetis.
497 1652 543 1694 Et
572 1652 735 1709 quonia
772 1651 852 1694 illis
882 1652 986 1710 pcul
1031 1651 1166 1695 dubio
1197 1653 1436 1713 purgatorij
1473 1654 1571 1712 opi-

181 1724 256 1767 nio
280 1723 357 1775 est,
381 1725 514 1784 igitur
537 1723 695 1767 affidue
728 1739 809 1783 pro
834 1723 1054 1768 defumstis
1077 1737 1225 1776 orant,
1249 1724 1375 1768 miffis
1404 1725 1572 1770 subue-

180 1797 322 1840 niunt.
344 1798 391 1840 In
414 1812 500 1856 qua
526 1796 704 1855 quidem
738 1812 785 1841 re
810 1809 929 1841 tanta
954 1798 1131 1841 illorum
1155 1798 1214 1841 est
1237 1799 1405 1858 religio,
1428 1810 1477 1842 ut
1498 1798 1571 1858 ple

180 1870 250 1929 riq
280 1869 384 1913 bina
421 1884 501 1929 pro
534 1871 721 1914 mortuis
754 1869 1073 1922 anniuersaria‚
1113 1883 1162 1915 ut
1200 1884 1385 1923 uocant,
1425 1884 1567 1932 agant.

180 1943 383 1986 Alterum
407 1943 483 2001 qui
509 1941 651 1986 fatalis
679 1959 768 2002 quo
787 1955 988 1987 mortuus
1012 1943 1071 1987 est
1093 1943 1163 1987 die
1186 1945 1328 2003 agitur
1349 1963 1356 1986 :
1382 1945 1569 1988 alterum

179 2027 344 2066 autem,
369 2031 459 2074 quo
486 2015 539 2058 ab
569 2014 743 2059 ecclefia
770 2015 1029 2068 institutum,
1055 2015 1188 2060 sane'ti
1212 2016 1340 2068 illius,
1363 2018 1485 2061 cuius
1509 2033 1568 2061 no

180 2103 284 2132 men
306 2088 460 2132 habuit
482 2089 688 2147 propriu,
716 2088 825 2132 festu
848 2088 1106 2133 celebratur.
1140 2089 1209 2133 Ad
1240 2089 1333 2133 haec
1366 2089 1479 2134 fiunt
1502 2090 1570 2135 fre

182 2172 369 2219 quentes
400 2160 643 2205 oblationes
676 2163 721 2205 ὃς
754 2161 1044 2222 eleemosynae
1077 2162 1436 2206 Christianorum.
1472 2165 1568 2207 Hoc

181 2232 391 2291 quicquid
425 2232 485 2276 est
515 2234 653 2285 ritufi,
690 2234 737 2277 ἅ
763 2233 981 2294 potiffimfi
1004 2233 1199 2287 miffarfl,
1232 2251 1366 2280 omne
1388 2235 1568 2295 quidem

1344 2309 1384 2352 C
1420 2324 1440 2351 2
