1958 2605
547 267 590 300 D.
639 267 712 300 IO.
761 267 930 300 FABRI
981 268 1294 302 AVTHORE.

224 336 336 380 adeo
368 337 464 381 latis
498 337 805 397 protenditur,
839 338 1015 398 longisq
1043 340 1178 399 agris,
1212 351 1262 383 ut
1290 339 1460 398 aliquot
1485 339 1621 398 spatia

225 408 336 453 Afiae
369 409 714 470 completstatur,
755 411 926 470 aliquot
957 412 1087 455 etiam
1125 413 1331 471 Europae‚
1365 428 1449 471 eaq
1480 413 1619 457 mini—
1662 428 1853 455 Vrbescelebres

225 498 298 526 me
330 498 477 542 parua.
512 483 736 527 Moscouia
767 489 870 527 aute
901 483 1005 527 urbs
1029 483 1106 536 est,
1131 497 1181 528 ut
1211 484 1333 544 quod
1356 485 1457 528 alias
1479 486 1619 528 mini—
1690 503 1820 536 Moscoufa.

223 571 297 599 me
329 556 540 615 consequi
571 555 820 615 poffumus,
852 556 937 600 hoc
964 559 1249 617 coparatione
1279 557 1398 618 quafi
1421 558 1480 602 ob
1504 574 1620 602 ocu—

224 628 290 671 los
321 628 566 672 comodiori
598 628 733 672 modo
766 645 1008 688 ponamus,
1048 630 1186 690 duplo
1222 632 1362 675 maior
1400 630 1533 690 quam
1569 629 1621 675 fit

225 702 417 745 Colonia
443 703 704 763 Agrippina,
735 703 1111 762 quemadmodum
1144 703 1221 764 ipfi
1253 705 1521 757 retulerunt,
1545 705 1622 764 qui

223 776 270 819 in
300 775 582 835 profedlione
612 776 687 820 ista
718 776 971 821 huiusmodi
1002 778 1144 831 urbis,
1177 779 1274 838 plus
1306 778 1454 822 forsan
1487 778 1620 838 quam

223 849 494 908 reliquarum
543 850 797 893 Germaniae
817 885 828 902 ,
883 850 1165 910 explorandae
1213 866 1361 895 curam
1406 851 1615 895 habuere.

222 922 338 964 Huic
373 934 521 965 tamen
552 922 857 982 magnitudine
879 939 972 966 non
995 924 1162 983 impare
1183 923 1375 976 habent,
1410 924 1456 967 ἃ
1488 924 1617 968 aliam

222 994 380 1038 urbem
419 994 676 1048 Fladimeri,
717 1008 812 1039 tum
852 995 1121 1040 Blescouiam
1140 1031 1152 1049 ,
1197 997 1244 1040 ἅ
1282 997 1613 1056 Nouigradiam‚
1682 1018 1820 1044 mamere.

222 1069 424 1120 Smolne,
458 1069 503 1112 ὃς
537 1068 726 1121 Otiferi‚
760 1085 866 1129 quas
898 1070 1051 1130 regijs,
1090 1068 1388 1129 ampliffimisq
1424 1070 1614 1130 aedificijs
1668 1057 1831 1129 ἦῗζῖζζῇ,

222 1140 443 1185 εκεωθεειε
475 1140 703 1194 dicebant,
733 1143 869 1185 muris
904 1157 1085 1201 quoque
1115 1142 1231 1186 bene
1261 1143 1466 1195 munitis,
1500 1144 1616 1202 illisq
1702 1135 1800 1208 Z'Jffi'ss‘g,

225 1225 320 1258 tum
344 1230 400 1258 ex
423 1213 660 1273 quadratis,
685 1226 780 1258 tum
804 1214 993 1259 decofffis
1015 1214 1231 1275 lapidibus
1255 1215 1478 1260 extrucffis.
1513 1217 1617 1275 Qa

221 1302 322 1331 rum
356 1288 488 1331 etiam
520 1286 744 1331 Blescouia
778 1300 939 1347 praeter
972 1300 1149 1332 caeteras
1186 1290 1474 1348 praemunita,
1508 1305 1617 1332 mu-

222 1360 278 1403 ris
304 1359 441 1414 tribus
469 1360 687 1421 cingitur:
721 1361 918 1420 Reliquae
941 1376 1077 1414 uero,
1108 1377 1215 1420 quas
1242 1361 1410 1406 habent
1432 1362 1617 1405 innume

221 1448 312 1486 ras,
345 1449 437 1477 non
471 1433 611 1493 usque
634 1433 744 1478 adeo
778 1435 971 1479 celebres
1000 1435 1234 1479 habentur.
1261 1436 1443 1494 Qonia
1475 1435 1528 1479 ab
1551 1436 1617 1479 his

221 1522 328 1566 quas
344 1506 658 1566 praediximus,
683 1508 863 1551 titulum
886 1507 1015 1551 suurn
1039 1524 1086 1552 ac
1111 1507 1442 1568 inscriptionem
1464 1507 1617 1552 Ruffiae

221 1581 462 1640 imperator
500 1581 669 1640 accipit.
720 1583 833 1624 Nam
870 1582 915 1624 in
947 1581 1279 1641 praesentiarum
1312 1582 1510 1641 quoties,
1543 1581 1618 1625 uel

220 1668 301 1712 per
326 1654 586 1705 Oratorem,
614 1654 688 1697 uel
714 1668 793 1713 per
816 1653 995 1713 epistola
1016 1653 1108 1698 sese
1131 1653 1474 1698 Moscouitarum
1498 1654 1616 1713 impe

221 1738 341 1770 rator
370 1725 578 1778 insinuat,
610 1726 696 1769 hoc
732 1727 862 1770 titulo
895 1728 960 1770 uti
994 1726 1205 1771 cosueuit.
1241 1727 1521 1771 BASILIVS
1545 1726 1615 1770 dei
1630 1738 1724 1782 ‘sanim
1744 1739 1871 1783 imperaro-

220 1800 359 1860 gratia
389 1799 629 1858 imperator
667 1799 802 1842 totius
834 1797 1010 1851 Ruffiae,
1050 1815 1098 1843 ac
1130 1815 1312 1859 magnus
1349 1799 1440 1843 dux
1470 1778 1868 1843 Fladi—⁷¹‘M'’ft⁰u¹²a''“m'

220 1873 358 1924 meri,
398 1872 444 1915 ὃς
482 1871 740 1924 Moscouiae,
780 1871 1085 1932 Nouigradiae,
1125 1872 1383 1925 Blescouiae,
1422 1872 1615 1924 Smolne,

222 1946 269 1990 &
292 1944 471 1989 Otiferi.
498 1946 647 2003 Atque
669 1957 789 1988 certe
820 1945 893 1989 ille
916 1945 976 1989 est
1001 1946 1168 1998 titulus,
1199 1961 1289 2004 quo
1314 1961 1432 1989 anno
1455 1945 1616 2005 proxi—

220 2034 296 2063 mo
320 2017 467 2078 elapso
490 2018 695 2061 XXIIII.
721 2017 872 2062 mense
895 2018 1111 2078 Augusto,
1140 2018 1246 2062 dum
1269 2019 1315 2062 in
1338 2018 1502 2078 inclyta
1528 2018 1616 2062 Vi—

220 2107 334 2136 enna
357 2103 446 2143 tua,
472 2102 514 2134 te
538 2106 593 2134 ex
614 2091 762 2150 magni
784 2090 919 2151 Bafilij
945 2092 1127 2135 nomine
1149 2091 1370 2143 salutaret,
1390 2090 1490 2135 sunt
1508 2106 1615 2134 ora-

223 2165 391 2208 tionem
415 2163 537 2207 suam
555 2162 707 2206 exorsl.
728 2164 874 2207 Habet
893 2165 924 2207 is
943 2165 1144 2224 Princeps
1168 2164 1508 2208 Moscouitarum
1532 2163 1611 2207 sub
1651 2200 1763 2225 main.

1740 2208 1782 2224 ctae
1794 2205 1843 2224 tum

222 2235 268 2280 se
299 2237 516 2296 principes
548 2236 740 2279 multaru
779 2237 1129 2295 prouinciarum,
1166 2252 1275 2295 eosq
1297 2248 1608 2296 praepotentes.
1680 2239 1809 2272 prim&-
