1958 2605
85 514 210 545 Qomodo
222 513 317 545 lla‘rfst>

99 553 143 576 bus
154 553 304 577 medeantur.

80 1007 188 1032 Ordines
203 1008 321 1041 prestgyla-

165 1057 169 1060 ·
193 1057 214 1072 ·c
241 1066 245 1071 .

81 2063 179 2088 Pietatis
189 2064 322 2097 exemplum

80 2102 232 2135 imperatoris
242 2104 267 2128 in
277 2108 325 2136 pa-

100 2142 237 2167 triarcham
247 2145 305 2168 Con-

81 2182 314 2214 slantinopolitanum

599 254 1146 290 MOSCOVITARVM
1190 257 1484 300 RELIGIO,

337 328 533 372 nostrum
558 328 602 371 in
626 327 706 371 hac
733 328 875 387 prima
906 326 993 372 fide
1020 327 1305 388 perseuerare
1333 328 1501 382 solent,
1531 346 1664 390 quam
1691 331 1745 376 ab

337 402 534 462 apostolo
573 401 776 454 Andrea,
826 400 945 462 suisq
986 401 1324 456 succefloribus,
1364 402 1557 463 sandstisq
1599 406 1747 464 patri—

337 476 419 520 bus
443 475 716 527 didicerunt,
756 487 892 535 atque
916 475 970 519 ab
994 476 1133 521 ubere
1156 489 1361 521 materno
1386 476 1615 522 suxerunt.
1646 480 1747 522 Ne—

338 566 562 610 quaquam
587 548 680 593 sese
704 550 748 592 in
771 551 912 594 uarias
945 549 1082 594 scindi
1113 550 1301 596 haereses
1334 552 1580 611 patiuntur.
1623 552 1746 596 Veri]

336 623 367 667 fi
391 640 477 684 qua
509 625 583 668 uel
606 623 709 667 fidei
737 622 992 678 difficultas,
1026 625 1101 669 uel
1128 626 1237 670 ritus
1269 626 1492 686 religionis
1526 626 1743 680 inciderit,

337 697 543 742 uniuersa
573 697 627 742 ad
659 697 1065 758 archiepiscopum,
1090 715 1138 742 ac
1161 700 1356 759 reliquos
1381 699 1637 760 episcopos,
1662 715 1744 760 pro

337 771 533 832 ipsorum
562 784 737 816 tantum
772 771 928 832 spiritu
962 771 1214 817 definienda
1239 772 1433 817 refertur
1453 810 1463 826 ‚
1497 790 1588 833 neq
1612 775 1745 833 quic-

336 862 470 906 quam
504 846 768 890 inconstanti
802 847 940 907 uulgo
974 847 1020 890 &
1054 847 1312 891 inconcordi
1347 849 1627 908 relinquitur.
1670 849 1745 892 Sa—

335 919 524 964 cerdotis
548 921 667 965 enim
701 920 816 964 labia
839 920 1091 964 custodiunt
1115 921 1260 981 legem
1295 921 1384 973 dei,
1411 924 1455 965 ὁὶ
1480 923 1554 965 lex
1587 938 1643 966 ex
1666 937 1744 967 ore

336 996 429 1039 eius
454 994 689 1055 requireda
713 995 808 1039 erit.
843 995 1023 1039 Habent
1045 1007 1195 1039 autem
1222 994 1574 1055 archiepiscopii,
1599 997 1676 1055 qui
1699 997 1744 1040 in

336 1069 448 1113 urbe
471 1068 720 1121 Moscouia,
755 1070 800 1112 in
833 1084 888 1112 eo
922 1069 1022 1112 loco
1056 1068 1134 1112 ubi
1157 1067 1306 1112 sedern
1330 1069 1572 1128 imperator
1594 1069 1744 1122 habet,

337 1143 592 1188 cathedram
631 1141 1048 1203 archiepiscopalem
1088 1143 1276 1187 obtinet.
1324 1143 1434 1187 Sunt
1479 1143 1526 1187 ἃ
1565 1142 1745 1203 episco—

337 1218 381 1277 pi
416 1217 725 1277 quamplures,
759 1217 805 1260 in
828 1215 1101 1277 Nouigradia
1123 1232 1263 1268 unus,
1297 1216 1343 1260 in
1374 1232 1462 1276 qua
1488 1216 1535 1260 ὃς
1559 1216 1745 1261 Ifidorus

337 1293 507 1344 extitit,
542 1290 622 1335 sub
656 1292 849 1352 Eugenio
881 1289 1096 1351 pontifice
1118 1290 1229 1336 Rho.
1261 1290 1508 1334 Cardinalis
1534 1290 1638 1335 teste
1660 1292 1745 1335 Ra-

336 1366 508 1427 phaele.
534 1367 581 1410 In
604 1365 807 1411 Rosciuia
829 1365 961 1418 alius,
990 1366 1099 1409 alius
1122 1366 1168 1409 in
1202 1364 1376 1418 Sustali,
1410 1365 1520 1409 alius
1553 1366 1598 1408 in
1632 1365 1745 1408 Oti-

335 1439 445 1493 feri,
470 1440 579 1484 alius
603 1441 648 1483 in
672 1439 877 1492 Smolne‚
902 1439 1010 1483 alius
1029 1439 1074 1483 in
1103 1437 1297 1491 Resann,
1322 1438 1562 1490 Colmum‚
1588 1437 1743 1490 Volut‚

337 1514 380 1558 ὃ(
419 1515 583 1558 Frotini
621 1512 926 1573 praeficiuntur
965 1512 1159 1573 episcopi
1191 1532 1199 1555 :
1241 1512 1319 1571 qui
1358 1512 1405 1555 ὁὶ
1444 1510 1539 1555 suas
1577 1510 1745 1555 habent

337 1587 560 1632 dioeceses.
608 1588 666 1631 Hi
705 1586 887 1647 quidem
931 1602 1086 1630 omnes
1131 1583 1328 1645 episcopi
1365 1583 1744 1644 archiepiscopum

336 1662 464 1706 uelut
496 1660 755 1722 supremum
790 1659 1016 1722 agnoscut.
1060 1657 1429 1718 Archiepiscopus
1465 1670 1616 1702 autem
1654 1658 1743 1710 ille,

335 1735 578 1796 antequam
630 1734 877 1795 patriarcha
930 1733 1455 1793 Constantinopolitanus
1510 1731 1535 1776 a
1583 1731 1746 1775 Maho—

336 1812 498 1855 metica
526 1809 758 1871 tyrannide
782 1806 1032 1869 suppreflus
1061 1806 1190 1860 esset,
1226 1805 1400 1867 semper
1431 1806 1551 1850 hunc
1582 1806 1746 1866 patriar

337 1884 465 1929 cham
498 1896 549 1928 ut
582 1883 859 1944 superiorem
891 1882 1170 1943 recognouit.
1206 1881 1321 1924 Huic
1362 1892 1510 1924 tamen
1544 1878 1748 1923 Rhoma-

336 1974 445 2003 num
483 1956 745 2018 pontificem
796 1956 940 2000 ueluti
984 1956 1098 2000 Petri
1142 1952 1431 1998 successorem
1478 1950 1744 2013 praeceffifle‚

337 2031 510 2092 semper
533 2047 581 2075 ac
604 2030 766 2074 merito
800 2028 1013 2073 fatentur.
1044 2030 1204 2087 Neque
1231 2026 1365 2071 hodie
1389 2027 1482 2070 eius
1515 2026 1578 2070 rei
1611 2026 1746 2070 imme

337 2121 436 2150 mor
458 2104 772 2150 Ruthenorum
796 2103 1062 2163 imperator,
1093 2100 1236 2145 adhuc
1260 2100 1436 2160 pietatis
1460 2098 1679 2144 eiusmodi
1701 2098 1746 2142 di

317 2181 477 2241 ·ligens
510 2178 650 2223 custos
674 2198 682 2221 :
719 2177 959 2237 quotannis
983 2177 1103 2221 enirn
1127 2174 1627 2234 Constantinopolitano
1660 2188 1747 2233 pa-

339 2253 540 2299 triarchae
558 2253 603 2296 in
624 2251 738 2296 hanc
761 2249 901 2310 usque
923 2250 1097 2302 horam,
1122 2264 1213 2309 quo
1237 2248 1409 2301 uiuere,
1434 2248 1481 2292 &
1502 2246 1746 2308 Aegyptia-

1595 2335 1656 2364 cae
1676 2317 1744 2363 ser
