1958 2605
616 244 1160 283 MOSCOVITARVM
1203 250 1496 294 Remoto,

357 320 524 365 scouita
548 320 667 373 effet,
692 334 853 381 praeter
876 321 997 365 suam
1020 323 1302 366 uernaculam
1325 323 1544 383 linguam,
1568 324 1616 368 ὃς
1639 325 1756 369 Ger-

355 396 527 439 manice
564 395 610 438 &
646 396 795 439 Latine
827 394 1109 440 mediocriter
1139 396 1337 440 callebat.
1382 397 1458 440 Ob
1490 397 1534 440 id
1564 399 1756 442 maxime

356 467 600 513 defiderasti
630 469 834 529 Princeps
866 468 1060 513 sereniss.
1094 471 1251 530 procul
1274 469 1436 523 dubio,
1470 469 1500 514 fi
1532 472 1603 514 cui
1636 470 1756 516 forte

355 544 517 586 mirum
541 542 793 595 uideretur,
833 559 924 602 quo
957 544 1118 587 certior
1156 542 1322 596 faGtus,
1356 559 1455 587 cum
1489 544 1755 604 quibusnam

354 617 461 660 olim
489 616 618 660 diuus
652 616 800 660 Caesar
827 618 1146 661 Maximilianus
1170 633 1280 661 auus
1305 630 1406 662 tuus
1439 633 1521 677 pro
1545 634 1754 662 commu-

353 691 399 734 ni
422 692 527 750 Rep.
561 689 710 735 foedus
740 689 911 751 inijss'et.
946 692 1064 735 Tum
1096 691 1215 735 aliud
1247 691 1320 744 est,
1355 692 1477 752 quod
1503 691 1622 737 forte
1649 693 1752 736 huic

352 765 415 808 rei
446 764 757 825 perquirendae
787 766 885 826 plus
915 765 1082 809 addidit
1108 764 1331 825 defiderij,
1366 779 1417 810 ut
1445 782 1545 810 cum
1579 767 1684 810 olim
1708 768 1752 811 in

352 851 583 883 conuentu
621 840 695 883 uel
733 838 969 883 doetorum
1008 840 1269 890 hominum,
1308 839 1385 882 ubi
1423 838 1635 899 frequens
1667 839 1751 884 effe

350 912 485 967 soles,
510 913 585 958 uel
606 914 875 974 principum,
899 914 1070 957 mentio
1095 912 1298 972 quaedam
1321 913 1375 956 de
1399 915 1559 957 exteris
1582 914 1749 958 incide-

349 988 429 1040 rit,
453 987 496 1031 id
521 987 642 1047 quod
665 985 748 1030 usu
771 1002 864 1031 non
890 985 1016 1047 poffis
1032 1022 1043 1039 ,
1080 985 1222 1030 saltim
1246 988 1548 1030 monumentis
1571 986 1749 1031 admoni

350 1073 440 1114 tus,
469 1077 596 1121 aeque
620 1062 665 1105 in
687 1061 787 1104 luce
808 1059 1013 1121 proferre
1036 1076 1194 1120 queas,
1224 1060 1435 1120 quicquid
1459 1060 1517 1104 est
1540 1077 1595 1105 ex
1618 1062 1748 1121 uarijs

348 1142 559 1179 exteroru
591 1135 805 1179 moribus.
840 1136 943 1193 Qua
974 1149 1022 1178 re
1046 1134 1092 1177 ἅ
1117 1133 1209 1194 ipse
1236 1133 1366 1178 facile
1391 1146 1564 1187 motus,
1598 1146 1748 1194 atque,

347 1221 399 1253 ut
428 1224 507 1269 par
538 1221 656 1262 erat,
690 1209 807 1252 uotis
843 1209 927 1252 tuis
960 1208 1292 1268 obtemperaui,
1326 1206 1573 1252 acceffimus
1604 1208 1747 1262 fimul,

346 1283 576 1343 primumq
600 1298 700 1342 quae
730 1283 794 1327 tui
825 1283 959 1326 animi
986 1281 1205 1326 sententia
1231 1280 1337 1326 esset
1363 1282 1649 1342 exposuimus
1670 1303 1678 1326 :
1704 1282 1748 1326 id

346 1357 467 1417 quod
502 1357 549 1401 ἃ
588 1357 670 1401 illis
704 1356 874 1401 summe
905 1357 1155 1416 placuerat,
1190 1357 1284 1401 talis
1312 1357 1521 1416 principis
1548 1356 1745 1401 indolem

345 1447 393 1476 ac
425 1431 654 1491 ingenium
687 1429 961 1474 mirantibus.
1007 1431 1078 1474 De
1101 1445 1192 1489 quo
1215 1428 1262 1473 &
1285 1430 1529 1489 plurimum
1552 1429 1645 1490 spei
1667 1429 1745 1474 fibi

343 1505 545 1564 polliceri
567 1512 763 1564 poterat,
801 1503 923 1563 quod
945 1519 1061 1547 unus
1088 1501 1192 1548 effes
1217 1519 1273 1547 ex
1295 1503 1526 1556 omnibus,
1550 1503 1605 1547 ad
1633 1520 1745 1564 quos

343 1578 446 1639 ipfi,
476 1580 609 1639 longa
641 1577 822 1638 quidem
844 1576 1151 1637 profectione,
1176 1592 1275 1636 quae
1299 1578 1385 1621 iam
1407 1577 1639 1622 biennium
1662 1584 1746 1622 co—

343 1654 568 1714 pleuerat,
593 1652 646 1697 ab
671 1652 860 1696 Oriente
883 1650 1001 1695 facia
1022 1652 1068 1695 in
1092 1651 1360 1704 Occidente,
1388 1650 1663 1696 diuerterant
1683 1652 1744 1696 ho

341 1727 586 1788 spitalitatis
610 1729 706 1772 iure
729 1724 1023 1785 antiquiffimo
1038 1761 1049 1778 ,
1075 1726 1152 1785 qui
1175 1724 1396 1786 getissuae
1424 1726 1546 1769 uaria
1567 1726 1744 1786 ample-
1794 1752 1798 1756 -

342 1801 550 1847 (fieretur.
576 1803 672 1862 Itaq
695 1802 742 1845 &
766 1799 844 1861 ips1
872 1800 1031 1844 talibus
1062 1799 1273 1843 beneuoli
1304 1798 1434 1852 fasti,
1458 1799 1568 1843 nihil
1590 1801 1744 1844 omni-

342 1892 401 1920 no
433 1891 591 1920 eorum
618 1874 876 1920 obticebant
902 1890 1001 1934 quae
1040 1872 1372 1933 quaerebamus,
1407 1887 1566 1916 uerum
1593 1873 1744 1916 omnia

340 1966 442 1994 cum
468 1949 649 1993 foenore
671 1947 929 1992 reddebant.
957 1946 1076 1991 Idem
1100 1947 1146 1990 &
1174 1961 1257 2006 ego
1292 1946 1371 1989 tibi
1393 1944 1591 1990 facturus
1624 1945 1741 1990 sere-

340 2022 507 2068 niffime
539 2023 766 2082 Princeps,
800 2036 890 2081 quo
915 2019 1094 2072 ordine,
1128 2017 1348 2079 quibusue
1369 2019 1501 2071 locis,
1535 2018 1742 2063 uniuersa

339 2095 596 2141 huiusmodi
647 2095 882 2139 hominum
938 2094 984 2137 in
1032 2092 1261 2153 publicum
1308 2091 1500 2152 proferri
1545 2089 1738 2151 possunt,

341 2172 473 2215 etiam
496 2171 662 2214 maiora
686 2167 819 2229 quam
842 2168 905 2211 illi
927 2167 1202 2218 retulerunt,
1230 2166 1340 2210 nihil
1362 2166 1639 2225 relinquens,
1663 2163 1739 2208 fidi

339 2245 592 2306 interpretis
629 2258 817 2288 munere
853 2239 1090 2286 functurus
1131 2256 1366 2301 exponam.
1408 2240 1552 2284 Primo
1587 2239 1738 2298 itaque

1582 2312 1738 2356 omnin
