1958 2605
605 253 1107 289 MOSCOVITARVM
1156 254 1444 297 RELIGIO,

77 347 139 371 sim
153 347 194 371 M
189 346 248 378 s
251 345 298 370 ia-t
325 339 381 372 tae
405 327 583 371 Orienti
614 326 714 385 plus
746 323 967 378 confines,
991 326 1257 385 propioresq
1289 341 1337 370 ac
1370 327 1616 387 Borystem,
1654 333 1730 371 co-

65 393 263 458 122⁶&ssssssss
263 393 567 448 Z'fnterminant
601 415 656 443 ex
683 414 776 442 uno
811 399 949 443 latere
982 399 1197 451 Lituanis‚
1232 399 1335 443 dein
1369 399 1567 452 Polonis‚
1595 413 1730 459 atque

324 475 518 518 Tartaris
553 489 607 516 ex
646 473 732 516 alio
765 472 916 516 latere.
954 474 1047 532 Qi
1081 472 1261 532 quidem
1294 474 1467 517 Tartari
1501 473 1583 517 illis
1616 472 1732 534 saepe

325 548 500 592 hostiles
524 562 680 590 manus
714 544 931 599 inferunt,
962 547 1133 591 crebras
1167 545 1438 607 incurfiones
1471 546 1655 591 faciunt.
1691 549 1731 591 A

327 620 502 666 Caesare
537 621 645 664 item
673 619 920 679 Caphenfi,
955 621 1032 680 qui
1065 632 1184 665 certe
1207 619 1407 681 praefidio
1440 622 1732 666 Tartarorum

327 692 651 755 potentiffimus
675 693 839 746 existit,
876 694 923 737 ὃς
957 693 981 737 ὲ
1004 694 1205 754 Capham
1239 710 1406 738 nomen
1440 694 1584 747 ducit,
1609 696 1734 739 iuxta

69 802 107 826 D
127 808 167 824 Π
170 799 279 831 ΠΨ,
272 783 450 823 ,[,ηιειῐε
483 769 528 811 in
560 768 752 811 Taurico
789 766 1069 811 Chersoneso
1101 766 1316 820 refidens‚
1356 769 1591 812 innumera
1625 769 1732 812 belli

66 840 115 904 ἴῃ
109 848 169 911 fij}
171 844 317 910 ὧωζζζζζζ
330 843 445 886 mala
483 840 694 886 sustinent
738 840 859 900 quafi
902 842 1026 884 omni
1069 853 1315 886 momento.
1373 841 1536 886 Versus
1581 843 1733 902 itaque

92 918 294 950 ''f'’“fngun‘ur-
331 916 690 976 Septentrionem
717 916 826 959 mari
849 915 1083 959 claudi-itur
1106 915 1298 976 glaciali,
1330 916 1453 959 cuius
1483 916 1606 960 littus
1630 932 1732 960 cum

329 988 381 1033 fit
404 988 712 1049 ampliffimum
736 987 976 1033 uniuerfim
1003 988 1099 1033 fere
1123 988 1467 1033 Moscouitarum
1494 988 1615 1033 ducis
1638 991 1733 1034 exi—

329 1062 410 1107 stit.
436 1064 587 1122 Atque
609 1063 695 1107 hoc
718 1077 839 1107 mare
863 1062 937 1114 est,
964 1062 1087 1122 quod
1109 1074 1299 1115 ueteres,
1323 1063 1469 1106 lacum
1497 1062 1732 1116 Cronium,

330 1137 388 1181 ob
428 1138 521 1181 eius
560 1138 744 1198 glaciem
782 1149 1047 1197 perpetuam
1080 1136 1176 1181 fere
1210 1138 1469 1197 appellarut.
1511 1137 1733 1182 Cronium

330 1211 449 1255 enirn
487 1215 556 1253 α’πὶ
583 1216 634 1253 τοῦ
659 1217 761 1263 κρόνου
809 1212 997 1263 Graece,
1054 1212 1204 1255 Latine
1252 1212 1440 1255 Saturno
1493 1211 1733 1271 appellat0‚

329 1285 456 1328 uenit
477 1304 485 1327 :
511 1285 588 1343 qui
615 1285 827 1343 quoniam
855 1284 990 1328 senex
1012 1283 1197 1345 frigidus
1221 1299 1269 1328 ac
1299 1284 1446 1329 tardus
1469 1285 1630 1337 extitit,
1649 1299 1733 1344 pro

329 1357 585 1402 huiusmodi
623 1358 733 1402 astro
773 1358 798 1402 a
829 1359 973 1418 poetis
1011 1360 1207 1419 ponitur.
1237 1359 1350 1403 Hinc
1385 1374 1608 1418 quaecunq
1645 1358 1734 1402 fri—

331 1431 452 1493 gida,
479 1431 635 1491 tardaq
657 1431 784 1484 sunt,
809 1432 856 1475 ὃς
879 1431 1158 1484 huiusmodi,
1185 1433 1351 1476 Cronia
1373 1432 1584 1492 appellari
1617 1447 1735 1476 con-

331 1505 604 1550 sueuerunt:
632 1506 678 1549 δε
711 1506 797 1549 hoc
830 1521 951 1550 mare
985 1506 1230 1558 Cronium,
1262 1506 1383 1566 quod
1410 1505 1628 1550 immenso
1651 1507 1735 1550 Se-

331 1579 597 1639 ptentrionis
620 1579 847 1623 communi
869 1578 1051 1640 frigore,
1081 1580 1127 1623 &
1150 1580 1229 1624 hac
1252 1592 1378 1640 parte
1407 1581 1622 1632 maximo,
1649 1587 1737 1639 qua

333 1665 380 1697 to
404 1653 581 1713 longius
605 1651 629 1696 a
651 1651 743 1696 sole
777 1652 861 1705 est,
895 1653 1045 1697 multis
1077 1653 1254 1697 milibus
1287 1651 1487 1713 paffuum
1519 1653 1736 1713 congela—

332 1727 369 1771 ri
402 1725 552 1771 soleat.
588 1727 878 1786 Qapropter
902 1727 949 1770 ἅ
973 1727 1234 1771 Hecathaeus
1249 1762 1260 1780 ,
1290 1726 1395 1771 teste
1418 1727 1556 1770 Plinio
1572 1762 1583 1779 ‚
1608 1726 1737 1771 Amal

334 1800 483 1844 chium
514 1812 670 1852 uocat,
702 1800 853 1861 lingua
892 1801 1126 1861 Scythars1‚
1163 1801 1285 1861 quod
1318 1801 1467 1845 Latine
1502 1817 1627 1860 quoq
1659 1801 1736 1845 in—

337 1875 568 1934 terpretari
599 1874 742 1934 potest
774 1875 1070 1935 congelatum.
1114 1876 1178 1919 Sic
1210 1876 1255 1919 in
1286 1876 1547 1926 cotrarium,
1580 1874 1736 1918 eadem

337 1947 392 1992 de
415 1947 564 2000 causa,
598 1948 651 1992 ab
683 1950 925 1992 Ammonio
957 1948 1185 2000 historico,
1216 1949 1334 1992 lacus
1359 1949 1435 2007 qui
1456 1963 1599 2008 prope
1632 1948 1736 1992 Con

336 2021 536 2066 stantiam
575 2022 657 2074 est,
707 2038 841 2082 quem
879 2023 1052 2066 Solinus
1091 2022 1193 2066 alias
1232 2023 1542 2083 Pregantinum
1580 2022 1736 2066 nomi—

337 2108 440 2148 nat,
468 2096 686 2139 Acronius
718 2108 924 2149 uocatur,
956 2095 1078 2156 quod
1105 2103 1343 2155 nequaqua
1365 2111 1420 2139 ex
1443 2096 1617 2157 integro
1642 2111 1736 2140 un-

339 2185 473 2230 quam
512 2170 768 2230 congelatus
810 2182 1098 2215 memoretur.
1155 2170 1324 2213 Verum
1363 2185 1420 2213 ne
1464 2169 1637 2230 longius
1680 2168 1736 2213 ab

338 2243 536 2288 instituto
560 2243 828 2297 aberremus,
848 2243 1192 2288 Moscouitarum
1213 2255 1332 2287 certe
1355 2242 1475 2286 ducis
1498 2243 1735 2302 imperium

1623 2314 1735 2360 adeo
