1958 2605
506 275 549 308 D.
588 273 662 307 10.
701 273 882 307 FABRI
916 270 1240 305 AVTl-IORE.

173 348 268 391 lum
296 346 529 408 geflerunt.
565 347 658 406 Qi
680 357 730 389 ut
754 344 891 388 indies
913 343 1030 388 bella
1055 355 1240 405 gerunt,
1276 342 1414 387 indies
1447 359 1572 402 quoq
1607 357 1667 382 Belli
1680 358 1810 391 industria,

176 422 368 481 aptiores
399 420 453 465 ad
486 421 579 464 uim
612 417 888 462 inferendam
918 418 1140 470 exercitu,
1181 429 1275 460 tum
1309 416 1363 460 ad
1394 431 1572 476 propu—

175 494 426 555 gnandum,
452 506 546 538 tum
570 492 624 536 ad
647 490 969 536 conserendum
993 506 1171 543 manus,
1203 489 1299 534 fieri
1322 489 1478 534 solent.
1506 492 1573 533 Na

175 583 276 611 cum
296 567 426 618 olim,
450 582 532 626 pro
556 580 680 609 more
704 564 963 608 Parthorum
978 599 988 616 ‚
1012 565 1110 623 plus
1133 563 1316 624 fugiedo
1340 562 1473 623 quam
1497 564 1572 606 in—

174 638 404 699 sequendo
437 638 671 683 uioloriam
699 637 815 682 naffi
844 636 981 681 eflent
1007 636 1125 681 iatstu
1148 638 1392 681 iaculorum
1417 652 1473 680 ex
1495 651 1572 680 ar—

175 713 313 770 cubus
335 733 343 756 :
369 728 487 756 nunc
510 727 620 756 uero
645 711 698 755 ad
721 727 876 755 omnes
898 711 1004 754 belli
1030 710 1240 763 insultus,
1268 711 1343 754 uel
1365 709 1572 754 inferen-

175 786 254 830 dos
285 787 359 830 uel
390 785 621 846 patiendos
655 786 846 845 aptiores
878 783 1002 836 fad'ti,
1035 785 1167 828 etiam
1191 785 1322 828 aeneis
1345 783 1570 836 machinis,

176 875 283 919 quas
305 859 567 903 bombardas
593 867 747 910 uocat,
783 870 996 910 utuntur,
1029 870 1163 917 atque
1194 859 1315 900 mirae
1343 858 1572 917 magnitu-

175 933 287 977 dinis
311 934 420 977 acies
444 933 679 985 instruunt,
703 932 909 976 industria
932 948 1018 991 qua
1039 930 1134 975 fieri
1161 931 1284 976 solet.
1322 933 1368 975 Et
1390 930 1420 974 fi
1443 931 1572 975 sum-

174 1023 293 1050 mam
320 1007 464 1066 cupis,
498 1007 621 1050 aiunt
653 1007 797 1066 pleriq
829 1005 1041 1057 historici,
1076 1005 1197 1064 quod
1228 1005 1571 1049 Moscouitarum

176 1086 274 1140 ges,
299 1078 351 1123 fit
373 1095 473 1138 quae
496 1086 691 1138 nuquam
715 1078 766 1123 fit
789 1090 971 1138 experta
993 1079 1108 1137 pacis
1135 1078 1346 1130 cOmoda‚
1371 1094 1470 1137 quae
1494 1077 1572 1121 nifi

176 1165 359 1205 natura,
386 1151 504 1212 fituq
535 1152 645 1196 adeo
677 1151 958 1196 munitiffima
988 1151 1172 1195 haberet
1205 1164 1387 1204 terram,
1421 1153 1573 1212 pericu

175 1227 270 1270 lum
292 1225 362 1279 fit,
391 1227 477 1270 iam
500 1224 724 1286 saepiffime
751 1241 846 1270 eam
870 1233 1122 1286 expugnata
1144 1224 1282 1270 fuisse.
1304 1227 1469 1286 Lingua
1490 1242 1571 1271 ue-
1656 1247 1761 1280 Lingua.

176 1315 226 1343 ro
250 1301 310 1343 eis
334 1300 417 1352 est,
448 1315 535 1359 qua
557 1299 634 1343 fibi
658 1300 802 1344 multu
824 1307 877 1343 esi
900 1299 1103 1343 Bohemis
1118 1336 1128 1352 ‚
1154 1300 1352 1352 Croatis‚
1379 1301 1425 1344 ὃς
1449 1302 1572 1345 Scla—

175 1372 369 1416 uonibus
392 1374 628 1425 conuenit,
657 1372 802 1433 adeoq
833 1374 998 1425 uicina,
1027 1385 1080 1417 ut
1101 1373 1255 1417 Sclauo
1281 1373 1572 1419 Moscouitam

174 1446 308 1506 plene
330 1447 566 1506 percipiat,
600 1445 699 1499 nifi,
725 1459 943 1506 quantum
965 1446 1110 1490 uisum
1144 1446 1204 1490 est
1224 1448 1474 1500 nonnullis,
1499 1449 1571 1492 Mo

174 1516 352 1562 scouitis
386 1517 584 1578 asperam
606 1520 743 1580 magis
766 1535 813 1563 ac
837 1519 1063 1564 duriorem
1096 1518 1179 1564 esse
1212 1519 1413 1580 phrasim.
1451 1521 1572 1565 Scla—

173 1606 347 1635 uonum
371 1604 520 1636 autem
544 1593 739 1653 linguam
764 1592 788 1636 a
813 1592 1061 1645 cofufione‚
1086 1609 1186 1653 quae
1220 1595 1265 1637 in
1289 1594 1421 1638 Babel
1451 1606 1572 1638 tem-

173 1679 284 1723 pore
316 1665 572 1709 Nembrotis
603 1665 731 1710 fortis
765 1667 879 1710 illius
912 1668 956 1710 in
996 1666 1160 1711 Genefi
1194 1669 1419 1712 uenatoris
1455 1666 1572 1712 fatsta

174 1737 257 1790 est,
290 1753 457 1782 nomen
490 1738 696 1798 accepifle
734 1739 912 1784 tradunt
943 1740 1144 1784 historici.
1182 1743 1280 1784 Eam
1306 1754 1453 1785 tamen
1476 1756 1570 1785 rem

174 1809 276 1854 satis
298 1812 445 1854 mirari
467 1818 526 1855 no
549 1811 742 1871 possum,
767 1812 889 1872 quod
912 1828 1012 1856 cum
1036 1814 1152 1857 inter
1175 1814 1439 1858 Dalmatiam
1464 1815 1571 1873 qui—

174 1883 276 1928 dem
309 1884 356 1927 &
394 1884 687 1938 Moscouiam,
727 1898 860 1945 utraq
898 1887 1123 1930 Pannonia
1160 1885 1238 1931 fita
1274 1885 1348 1939 fit,
1390 1888 1569 1948 Vngaro

175 1967 324 2000 tamen
355 1957 466 2000 nihil
496 1959 641 2002 minus
674 1957 807 2018 quam
841 1974 942 2003 cum
974 1960 1138 2020 linguae
1166 1961 1431 2021 cognatione
1455 1976 1571 2005 con—

174 2031 326 2074 ueniat
352 2046 452 2074 cum
475 2031 729 2076 Moscouita.
770 2033 923 2092 Qare
954 2031 1210 2077 conie&ura
1242 2033 1322 2086 est,
1356 2035 1462 2078 olim
1493 2035 1569 2079 has

174 2114 325 2163 gentes
348 2119 427 2162 per
452 2104 649 2165 legiones
672 2104 828 2149 diuisas
852 2104 959 2158 efle,
984 2118 1118 2166 atque
1141 2122 1197 2150 ex
1223 2108 1443 2152 Dalmatia
1466 2108 1570 2152 illuc

173 2175 371 2235 migrasse
398 2196 406 2219 :
444 2177 502 2220 ob
533 2178 619 2221 hoc
650 2194 833 2238 quoque
865 2179 1007 2224 asserit
1039 2181 1333 2225 Volateranus
1361 2182 1568 2227 Rutheno

173 2263 273 2294 rum
304 2249 500 2310 linguam
533 2250 920 2297 semidalmaticam
954 2253 1050 2299 esse.
1081 2255 1264 2315 Vtcunq
1289 2268 1437 2300 tamen
1459 2255 1571 2300 fue-

1380 2330 1411 2371 B
