1958 2605
531 297 575 329 D.
623 295 698 328 IO.
746 293 916 327 FABRI
966 289 1279 324 AVTHORE.

211 368 455 413 sericordiae
479 367 566 411 suae
590 366 928 425 contemplatus.
953 364 1158 407 Tuentur
1182 363 1228 406 ὃς
1252 362 1358 405 alios
1380 361 1608 421 poeniten-

213 445 284 488 tiae
311 443 491 504 gradus,
521 441 680 501 quibus
707 439 841 483 deum
871 437 998 481 nobis
1022 437 1294 481 reconciliari
1317 434 1515 479 credunt.
1552 436 1609 478 Ex

161 531 165 534 ’
213 518 373 578 quibus
408 519 454 561 ἃ
486 515 727 576 potiffimus
764 512 823 557 est
855 513 1040 564 Oratio,
1080 513 1125 556 in
1162 527 1250 571 qua
1281 509 1610 570 frequentanda

213 608 305 636 non
336 591 463 635 facile
490 589 647 633 slmiles
675 587 857 647 reperiri
883 585 1053 631 censeo.
1090 587 1228 630 Omni
1260 602 1381 645 nanq
1413 584 1608 628 diluculo

213 664 361 709 cuncti
385 680 561 715 eorum,
588 675 683 707 toto
708 676 896 721 corpore
923 662 968 704 in
991 662 1224 721 puluerem
1248 660 1390 720 ipsum
1414 658 1610 719 prostra—

215 740 262 791 ti,
290 739 481 798 prolixas
501 738 738 789 orationes,
767 737 813 780 ἃ.
832 735 1110 796 quotidianas
1137 735 1190 778 ad
1216 734 1301 777 deu
1330 732 1543 785 fundunt,
1563 733 1610 776 ὃς

214 811 310 856 fere
356 811 464 871 absq
513 812 636 855 omni
685 811 894 869 temporis
938 808 1269 868 intercapedine
1307 819 1466 868 rogant
1508 821 1610 866 pre-

216 886 349 929 cibus.
392 887 594 945 Qarum
634 885 827 944 primum
859 884 1009 927 locum
1048 882 1223 926 obtinet
1261 882 1402 925 oratio
1442 881 1611 924 domini

215 975 288 1011 ca,
325 959 425 1003 dein
459 975 559 1002 cum
592 957 822 1017 archagelo
852 956 1062 1000 Gabriele
1095 956 1197 999 diua
1218 957 1344 1016 uirgo
1368 954 1609 998 salutatur:

216 1032 335 1076 dicut
359 1033 403 1076 ἃ
427 1031 530 1075 fidei
557 1029 868 1091 profeffionem
902 1028 1129 1089 symbolo,
1165 1028 1287 1088 quod
1313 1028 1612 1088 apostolorum

218 1105 301 1150 effe
320 1105 344 1149 a
360 1105 587 1149 ueteribus
610 1102 798 1164 persuafi
824 1103 973 1146 sumus
995 1123 1002 1146 :
1029 1103 1075 1146 ἐξ
1099 1103 1246 1146 nullus
1270 1117 1425 1145 eorum
1444 1102 1517 1154 est,
1537 1102 1614 1162 qui

217 1195 310 1223 non
348 1178 523 1240 fingulis
562 1177 716 1221 diebus
748 1177 899 1221 litania
921 1175 1157 1236 persoluat.
1199 1176 1292 1235 Qi
1329 1190 1438 1219 uero
1473 1175 1614 1219 ditio-

219 1268 286 1297 res
310 1252 433 1304 sunt‚
468 1252 492 1295 e
517 1266 708 1311 quorum
731 1250 1015 1294 facultatibus
1043 1249 1102 1293 est
1133 1265 1316 1309 magnos
1339 1264 1421 1308 pro
1445 1250 1494 1309 ijs
1518 1248 1614 1292 sum

219 1339 322 1386 ptus
345 1324 465 1385 posse
488 1324 650 1377 facere,
674 1324 928 1368 Ruthenicis
951 1324 1087 1368 literis
1110 1323 1289 1375 imbuti,
1312 1323 1448 1367 libros
1472 1324 1615 1367 orati—

220 1415 358 1443 onum
381 1398 458 1442 fibi
481 1410 763 1458 comparant,
798 1413 949 1442 earum
983 1396 1126 1441 solum
1151 1410 1245 1441 tum
1270 1413 1369 1457 quae
1392 1397 1445 1440 ab
1469 1398 1616 1441 eccle—

218 1472 277 1517 fia
294 1485 484 1532 receptae
508 1471 624 1524 sunt,
649 1471 894 1515 cuiusmodi
917 1471 1035 1531 apud
1058 1472 1271 1515 Oratores
1294 1470 1499 1515 uidimus.

280 1547 475 1606 Imaginsi
501 1561 611 1590 uero
639 1552 698 1589 no
728 1558 815 1589 tam
841 1545 951 1588 leuis
974 1560 1077 1588 cura
1099 1557 1175 1588 aut
1197 1557 1479 1604 contemptus
1498 1544 1616 1604 apud
1675 1573 1691 1588 a
1709 1573 1758 1588 mes
1801 1573 1816 1588 n

221 1619 337 1680 ipsos
360 1620 507 1680 uiget,
531 1620 674 1663 ueluti
697 1618 813 1678 apud
838 1635 919 1662 nos
951 1618 1017 1662 his
1040 1617 1308 1662 factionibus
1331 1618 1460 1662 huius
1483 1618 1618 1663 seculi

220 1694 463 1738 increbruit
485 1706 647 1753 praeter
670 1701 805 1737 omne
827 1694 993 1752 pietate
1013 1713 1021 1735 :
1046 1708 1205 1736 uerum
1233 1705 1283 1737 ut
1308 1705 1617 1746 monumenta,

222 1784 312 1828 quo
337 1783 418 1811 nec
440 1774 593 1826 unqua
610 1768 891 1810 immemores
917 1765 1189 1810 beneficioru
1217 1766 1287 1810 dei
1308 1765 1404 1810 fieri
1423 1768 1620 1827 cotingat

221 1857 313 1901 prae
337 1841 475 1885 oculis
498 1840 678 1884 habent.
715 1841 782 1883 Na
805 1847 857 1883 cst
881 1839 998 1899 apud
1020 1838 1176 1884 fratres
1206 1839 1298 1883 diui
1321 1840 1494 1883 Fracisci
1518 1841 1619 1884 cubi

223 1915 373 1958 culum
397 1912 607 1975 ingressus
631 1912 760 1957 eflem
775 1949 785 1965 ,
811 1929 901 1973 quo
928 1914 1176 1973 praecipuus
1206 1914 1404 1957 Oratorsi
1426 1913 1620 1958 dormire

223 1987 530 2040 consueuerat,
555 1988 709 2031 inueni
731 1988 817 2030 illic
840 1987 1027 2046 pulchro
1052 2003 1107 2031 ex
1129 1986 1284 2031 ordine
1307 1987 1361 2031 ad
1384 2000 1515 2048 caput
1539 1988 1620 2032 dor

222 2063 367 2106 mietis
390 2060 544 2121 poslta,
568 2062 758 2121 imagine
781 2060 895 2104 diuae
919 2061 1100 2122 uirginis
1132 2062 1243 2104 mira
1268 2061 1494 2106 honestate
1518 2061 1620 2122 depi

225 2133 317 2187 csta,
342 2136 388 2178 δι’.
412 2134 540 2177 instar
564 2135 672 2186 eius,
697 2142 784 2193 qua
805 2135 850 2177 in
869 2133 1093 2178 Moscouia
1115 2133 1198 2178 effe
1217 2134 1392 2178 aiebant
1410 2134 1434 2178 a
1451 2135 1488 2178 S.
1510 2136 1621 2180 Luca

226 2208 332 2252 olim
356 2205 530 2267 depicta
549 2227 557 2250 ε
583 2206 685 2250 dein
710 2207 858 2251 tabula
880 2208 1193 2252 incarnationis
1211 2207 1402 2251 domini:
1421 2209 1503 2252 alia
1520 2225 1620 2268 quae

226 2280 460 2333 ostetabat‚
484 2292 534 2325 ut
557 2281 693 2324 amice
716 2279 941 2340 susceptus
965 2280 1024 2325 est
1046 2282 1091 2325 in
1114 2282 1238 2325 ulnas
1262 2282 1504 2341 Symeonis,
1539 2283 1621 2326 alia

1356 2356 1398 2397 D
1435 2370 1455 2397 2

1721 1612 1783 1628 VVVVV
