1958 2605
533 293 576 326 D.
625 292 698 326 10.
748 291 914 325 FABRI
968 291 1277 325 AVTHORE.

212 379 323 425 puer
354 365 565 424 baptizari
597 363 721 407 solet.
758 365 802 406 In
836 363 957 406 cuius
991 364 1051 405 rei
1087 363 1381 407 testimonium
1417 360 1606 404 adhiberi

216 451 286 483 tur
309 439 492 498 patrini,
526 453 607 497 pro
633 452 758 480 more
782 438 912 480 etiam
948 436 1118 487 nostro,
1144 436 1303 495 quibus
1327 451 1382 479 ex
1404 435 1607 494 pollicitis

215 512 396 562 incubit‚
420 523 470 554 ut
496 510 626 553 huius
649 508 852 569 baptismi
876 524 1093 553 memores
1122 508 1205 552 esse
1229 508 1389 559 uelint,
1418 519 1466 551 ut
1490 523 1608 566 pue-

216 599 313 628 rum
338 585 459 635 olim,
487 598 585 626 curn
611 595 713 626 aetas
740 583 905 642 patitur
929 594 1004 625 aut
1028 582 1326 641 expostularst,
1351 582 1395 623 in
1419 579 1505 623 fide
1530 594 1608 623 eru

215 657 297 700 diri
321 673 412 701 non
440 657 675 717 negligant,
703 668 751 700 ut
774 655 906 699 deum
931 671 1011 715 pro
1038 668 1158 699 tanta
1180 657 1317 717 gratia
1339 654 1535 705 laudent,
1561 669 1608 697 ac

216 742 369 781 orent,
414 742 462 773 ut
506 730 674 773 donum
713 729 797 773 hoc
841 728 1150 772 diuiniffimum
1195 727 1296 771 fidei
1330 727 1506 778 datum,
1544 728 1610 770 in-

217 803 306 847 dies
360 818 520 863 augere
574 802 791 862 dignetur.
851 800 1065 845 Praelecstis
1120 802 1266 860 itaqu-e
1320 800 1608 852 orationibus,

217 890 350 937 atque
390 878 519 920 etiam
561 874 833 925 exorcismis,
869 890 968 918 cum
1008 890 1118 934 puer
1151 873 1410 917 fortioribus
1441 885 1609 917 naturae

217 951 384 994 uiribus
408 962 602 1009 apparet,
631 961 693 992 ter
713 960 831 992 totus
852 949 1139 1008 immergitur,
1159 947 1354 1005 alioquin
1380 962 1493 1005 aqua
1517 947 1611 989 tin—

217 1026 359 1085 gitur,
384 1039 481 1067 raro
507 1036 654 1066 tamen
676 1043 682 1064 ε
717 1020 963 1081 consperfio
988 1022 1105 1065 enim
1129 1022 1274 1063 minus
1298 1019 1511 1063 sufficiens
1537 1020 1611 1062 iu-

217 1098 399 1141 dicatur.
451 1097 567 1140 Oleo
607 1095 652 1139 &
691 1094 921 1139 chrismate
965 1096 1139 1138 interim
1181 1109 1362 1153 quoque
1407 1091 1611 1152 appofitis

218 1170 357 1214 fronti
393 1170 438 1213 ὃς
477 1168 672 1228 scapulis.
719 1169 785 1212 Sal
826 1183 934 1211 uero
967 1167 1089 1227 quod
1120 1167 1145 1211 a
1178 1167 1329 1210 nostris
1362 1166 1610 1218 adhibetur,

220 1244 265 1287 ὃς
289 1244 435 1287 lutum
459 1258 514 1285 ex
536 1241 670 1285 saliua
693 1242 737 1284 ἅ
758 1242 967 1300 puluere,
1000 1256 1090 1283 non
1120 1239 1358 1283 admodum
1383 1251 1611 1298 receptum

219 1316 279 1361 est
321 1316 571 1360 Moscouitis
597 1335 604 1357 :
646 1315 1081 1365 abrenunciationem
1132 1328 1239 1356 uero
1291 1313 1471 1363 trinam,
1510 1311 1613 1355 fidei

219 1405 346 1449 quoq
369 1387 682 1432 confeffionem
718 1389 875 1431 trinam
910 1388 954 1429 in
987 1385 1069 1429 usu
1103 1386 1308 1430 retinent.
1357 1386 1461 1427 Haec
1495 1396 1613 1428 certe

220 1461 379 1506 cuncla
414 1462 466 1504 ab
503 1461 568 1504 his
605 1462 679 1520 qui
718 1459 833 1519 apud
868 1458 1106 1503 Rosolanos
1139 1459 1279 1517 prima
1311 1456 1414 1500 fidei
1446 1456 1613 1500 funda-

221 1547 371 1578 menta
394 1535 614 1584 iecerunt,
649 1531 764 1592 quas]
797 1547 876 1591 per
899 1547 1054 1575 manus
1088 1530 1267 1582 tradita,
1302 1531 1362 1572 illi
1394 1542 1613 1589 perpetuo

220 1606 370 1659 firma,
402 1606 598 1666 syncera,
632 1607 905 1664 incorrupta,
934 1604 1193 1647 seruarunt:
1228 1618 1375 1662 neque
1402 1602 1615 1645 Christia-

224 1681 269 1722 ni
290 1679 481 1723 hominis
505 1677 587 1722 esse
611 1678 803 1728 ducunt,
836 1676 963 1720 instar
997 1675 1221 1719 arundinis
1256 1687 1393 1719 uento
1428 1675 1613 1735 agitatae‚

223 1753 351 1798 facile
384 1751 640 1810 cuiusquam
672 1748 951 1809 persuaslone
985 1749 1038 1792 ab
1072 1748 1138 1792 his
1171 1743 1421 1807 proturbari
1445 1749 1488 1790 in
1512 1747 1615 1791 futu

225 1841 347 1877 rum,
373 1840 518 1883 neque
551 1822 580 1866 fi
605 1823 783 1882 angelus
807 1822 860 1865 de
893 1822 1006 1865 coelo
1031 1821 1327 1873 descenderit,
1356 1836 1464 1864 cerae
1489 1820 1616 1864 instar

227 1897 494 1958 torquendas
517 1896 686 1939 dabunt
709 1907 880 1938 mentes
903 1910 1057 1939 eorum
1083 1895 1136 1938 ab
1160 1894 1244 1938 hoc
1268 1894 1476 1938 instituto.

289 1971 546 2031 Interrogati
570 1969 670 2012 dein
694 1984 773 2028 per
798 1984 877 2011 nos
907 1980 1121 2027 quantum
1148 1967 1222 2027 ipfi
1246 1967 1513 2011 circsscifioni
1533 1967 1616 2010 tri—

226 2045 420 2095 buerint,
445 2059 552 2086 num
577 2043 621 2086 ὁὶ
647 2040 722 2101 ipfi
747 2043 791 2084 in
824 2040 903 2084 usu
927 2041 1133 2085 haberet.
1169 2042 1323 2085 Procul
1357 2041 1534 2100 quidem
1563 2040 1615 2082 ab

229 2120 289 2162 eis
311 2116 451 2161 abesse
475 2115 818 2175 responderunt,
853 2127 902 2158 ut
926 2115 997 2158 uel
1022 2113 1250 2158 scintillam
1280 2115 1440 2157 ueteris
1465 2114 1509 2156 ὅ(
1534 2113 1616 2156 abo

228 2192 294 2235 liti
321 2188 521 2234 Iudaismi
545 2189 805 2239 obseruent,
835 2188 923 2230 imo
952 2189 996 2230 in
1019 2187 1350 2231 detestationem
1376 2188 1512 2237 illius,
1536 2202 1616 2229 nec

230 2262 460 2323 quisquam
489 2261 735 2305 Iudaeorum
763 2276 841 2320 per
864 2259 1119 2303 uniuersum
1138 2261 1447 2303 Ruthenorum
1471 2261 1619 2318 impe-

1360 2333 1456 2391 <33
