1958 2605
140 960 219 984 Aedes
230 959 322 992 [αα-ιτ.

655 278 1162 314 MOSCOVITARVM
1210 279 1495 322 RELIGIO,

369 366 470 410 quae
493 348 825 410 profecstionem
852 351 897 394 in
925 352 1208 412 Aegyptum,
1245 351 1375 396 aliam
1399 369 1498 412 quae
1523 352 1779 413 paffionem,

368 423 765 478 resuroeffiwem,
806 425 852 469 ὃς
909 426 1333 487 triumphabundam
1391 427 1689 472 ascenslonem
1733 430 1780 473 in

368 501 504 544 coelos
539 511 725 544 teneret.
763 501 859 544 Erat
892 501 938 544 ἃ
971 501 1053 545 alia
1078 501 1263 554 tabella,
1290 502 1335 545 in
1369 518 1457 561 qua
1480 502 1780 562 pulcherrime

368 572 555 634 depietae
579 572 760 618 fuerant
795 585 890 617 tum
924 590 1165 628 moerores,
1204 587 1298 619 tum
1332 574 1491 636 gaudia
1523 575 1638 619 diuae
1666 577 1781 638 uirgi

367 649 432 692 nis
466 648 626 691 Mariae.
669 647 891 692 Postremo
934 661 1028 693 erat
1067 649 1166 709 quae
1200 649 1502 710 apostolorum
1535 649 1696 711 figuras
1732 651 1779 695 ἃ

367 723 552 766 nomina
575 721 847 766 continebat.
873 721 943 766 Ad
966 721 1174 766 finistram
1203 735 1353 767 autem
1382 723 1547 777 mensa,
1573 740 1661 784 qua
1687 741 1780 784 po-

370 795 472 840 fitus
507 808 601 840 erat
633 796 746 840 liber
788 796 908 840 iustae
947 796 1289 857 magnitudinis,
1329 798 1586 855 Ruthenicis
1625 798 1778 852 literis,

368 870 392 914 ὲ
411 887 502 930 quo
529 869 736 915 dicebant
766 869 926 914 ducem
955 870 1157 930 quotidie
1181 872 1405 915 orationes
1431 872 1526 916 suas
1547 871 1667 932 quasi
1689 888 1779 932 pen

368 944 463 989 sum
499 943 686 989 soluere.
724 946 993 1007 Frequentes
1028 945 1308 989 conueniunt
1341 946 1385 988 in
1420 945 1635 1007 Ecclefijs,
1670 962 1778 1006 quas

368 1020 415 1064 ἃ
453 1018 531 1080 ipfi
570 1020 739 1080 magnis
783 1018 1033 1079 sumptibus
1075 1031 1306 1072 extruunt,
1353 1020 1580 1063 Orationis
1621 1019 1778 1064 domos

366 1110 422 1138 ex
456 1094 692 1154 Euangelio
734 1094 974 1146 uocitates‚
1016 1092 1157 1153 quasq
1191 1093 1455 1154 imaginibus
1487 1094 1620 1154 uarijs
1653 1094 1779 1137 Cru-

367 1167 508 1221 cifixi,
533 1168 648 1211 diuae
673 1168 892 1229 Virginis,
916 1167 1256 1228 Apostolorum,
1281 1166 1328 1212 &
1351 1168 1541 1211 aliorum
1566 1182 1778 1227 quorun-

367 1243 421 1288 da
444 1255 629 1295 ornant,
665 1242 708 1286 id
737 1241 859 1302 quod
891 1242 1024 1286 licere
1046 1241 1124 1285 fibi
1149 1258 1205 1286 ex
1237 1242 1436 1286 moribus
1460 1241 1777 1286 uetustiffimo-

367 1334 466 1363 rum
510 1316 863 1361 Christianorum
907 1315 1162 1376 praedicant.
1220 1318 1323 1376 Neq
1364 1328 1452 1361 tam
1491 1316 1620 1361 facile
1659 1315 1776 1377 ipsos

366 1404 547 1446 mouet,
582 1391 704 1452 quod
732 1390 851 1452 apud
875 1392 1057 1435 Graecos
1085 1390 1477 1451 Constantinopoli
1505 1403 1608 1435 ante
1632 1390 1776 1450 septin

366 1479 524 1530 gentos
559 1482 699 1511 annos
723 1467 961 1518 extiterut‚
991 1466 1068 1525 qui
1092 1466 1303 1526 imagines
1328 1464 1572 1509 idololatris
1600 1481 1777 1509 conue-

366 1543 462 1586 nire
486 1541 763 1593 docuerunt,
798 1556 889 1600 neq
911 1540 1017 1600 phas
1043 1538 1153 1592 elle,
1189 1551 1240 1584 ut
1263 1555 1364 1583 cum
1388 1554 1495 1583 uere
1520 1539 1776 1583 Christianis

366 1617 659 1676 reperiantur.
692 1615 785 1675 Qi
808 1626 926 1658 certe
954 1613 1147 1658 secunda
1175 1613 1276 1658 dein
1301 1614 1469 1657 Nicena
1493 1612 1664 1673 synodo
1692 1613 1777 1657 da—

365 1691 505 1735 mnati
528 1689 739 1742 fuerunt,
774 1700 1003 1749 quotquot
1025 1689 1241 1748 pertinaci
1264 1689 1412 1732 animo
1440 1688 1554 1731 hanc
1589 1686 1777 1731 senten—

367 1766 473 1809 tiam
500 1764 604 1809 sunt
630 1765 772 1808 tutati.
799 1766 902 1824 Neq
926 1763 986 1807 est
1008 1774 1059 1807 ut
1082 1763 1157 1806 uel
1180 1779 1322 1806 unum
1347 1774 1423 1806 aut
1451 1762 1665 1815 alterum,
1700 1762 1778 1821 qui

364 1840 430 1884 his
455 1851 505 1883 ut
527 1839 832 1883 monumentis
856 1838 1013 1890 utitur,
1038 1836 1241 1890 adorare,
1267 1835 1396 1880 facile
1421 1837 1603 1896 reperiri
1628 1851 1774 1895 queas.

367 1914 598 1973 Qoniam
622 1929 755 1957 nemo
791 1912 850 1956 est
884 1912 961 1972 qui
994 1911 1069 1955 uel
1102 1912 1279 1972 ignoret
1311 1910 1335 1954 a
1368 1911 1465 1970 lege
1498 1909 1777 1969 prohibitum

367 1987 452 2033 esse
486 2004 543 2031 ne
574 2001 847 2031 ueneremur
879 1985 1058 2046 lapides.
1102 1987 1285 2029 Econtra
1318 1985 1450 2028 etiam
1484 1982 1642 2026 nullibi
1666 1981 1777 2026 scri—

365 2074 508 2123 pturae
532 2062 655 2105 locus
679 2059 758 2112 est,
785 2075 875 2119 quo
900 2075 993 2103 non
1016 2059 1083 2102 uti
1105 2059 1234 2102 liceat
1261 2058 1311 2118 ijs
1344 2057 1674 2109 monumentis,
1699 2057 1776 2116 qui

366 2148 504 2181 uetet.
535 2134 627 2179 Imo
647 2135 693 2178 ἅ
722 2135 766 2177 in
790 2134 1010 2194 conuiuijs
1035 2133 1097 2176 illi
1120 2132 1178 2176 ob
1207 2132 1360 2176 oculos
1384 2146 1555 2191 ponere
1582 2130 1776 2174 eonsue—

366 2222 533 2256 uerunt
556 2220 851 2253 monumenta
873 2206 1142 2260 huiusmodi,
1179 2218 1229 2251 ut
1262 2207 1306 2250 in
1330 2218 1601 2267 perpetuum
1626 2206 1774 2249 animo

368 2285 689 2337 obuersentur‚
719 2300 818 2344 quae
846 2282 1045 2344 praestitit
1067 2282 1196 2326 nobis
1221 2281 1353 2335 deus,
1388 2294 1471 2342 utq
1504 2280 1672 2325 facilius
1697 2295 1776 2324 re—

1534 2353 1775 2398 cordentur
