1958 2605
146 330 256 356 ‘I'heotoci
271 340 331 356 utre

203 371 274 395 ratio.

197 627 276 659 lng’ffal

631 249 1177 286 MOSCOVlTARVM
1222 253 1516 295 RELthO,

372 321 603 366 theotocos
636 320 710 374 fit,
744 337 844 381 quae
877 337 960 382 pro
992 323 1119 367 nobis
1152 324 1198 367 in
1232 325 1356 368 terris
1389 325 1580 384 plurima
1602 326 1730 386 poffit
1753 328 1778 372 ὲ

368 395 461 440 filio
487 395 709 455 consequi.
737 395 851 440 Festa
874 398 967 457 itaq
990 398 1106 450 eius,
1135 399 1530 451 Annunciationis,
1565 400 1778 445 Purifica-

371 471 526 521 tionis,
554 470 834 522 Natiuitatis,
868 469 1212 532 Assumptionis‚
1244 472 1290 515 St
1324 485 1550 532 quotquot
1583 474 1778 534 denique

369 543 630 595 inciderint,
656 544 830 604 ieiunijs
855 543 1042 597 indietis,
1068 545 1358 598 orationibus,
1383 546 1510 590 miffis
1535 560 1629 591 tum
1652 547 1776 593 leelis

371 630 465 662 tum
490 617 732 662 decantatis
751 618 996 670 celebrare,
1031 634 1112 678 pro
1145 621 1373 663 communi
1402 621 1489 664 ritu
1514 620 1702 664 ecclefiae
1726 621 1774 665 so

368 692 462 735 lent
486 692 749 735 Graecorum
771 711 779 734 :
806 691 1185 751 quemadmodum
1211 693 1256 736 ἅ
1283 705 1379 737 toto
1398 694 1501 736 anni
1520 692 1676 753 spatio,
1696 710 1773 738 ex—

368 777 499 824 cepto
526 763 887 825 quadragefimali
913 777 1133 824 tempore,
1162 765 1341 825 quando
1366 767 1402 810 S.
1431 768 1637 828 Gregorij
1663 766 1774 810 mis—

367 838 455 882 sam
482 838 694 899 theologi,
728 838 951 882 celebrare
984 837 1328 883 consueuerunt.
1368 840 1430 883 Est
1462 852 1610 884 autem
1642 852 1773 884 utra—

368 927 456 972 que
489 910 609 956 mifla
635 924 700 956 ter
734 912 949 971 prolixior
983 911 1115 971 quam
1149 911 1200 955 fit
1234 927 1284 955 ea
1317 928 1415 972 quae
1448 913 1565 973 apud
1598 914 1772 958 Latinos

367 987 615 1030 communis
642 985 844 1030 habetur.
882 986 1037 1045 Qalis
1072 998 1220 1030 autem
1255 984 1305 1029 fit
1339 985 1459 1030 missa
1491 988 1527 1030 S.
1564 988 1770 1048 Gregorij

367 1077 493 1121 papae
518 1076 609 1104 non
634 1061 820 1103 omnino
845 1061 1018 1120 ignorat
1037 1060 1254 1103 Serenitas
1274 1072 1361 1112 tua,
1386 1061 1455 1103 cui
1480 1066 1773 1120 nonunquam

367 1133 574 1179 interfuit
596 1134 641 1177 in
665 1132 910 1193 Hispanus,
947 1133 1023 1176 ubi
1051 1135 1095 1176 in
1130 1132 1391 1193 quibusdam
1417 1134 1615 1194 partibus
1638 1150 1774 1194 pera-

367 1209 410 1269 gi
433 1219 714 1267 compertum
739 1207 823 1259 est,
860 1207 968 1250 mihi
993 1220 1068 1251 tua
1091 1206 1328 1266 aliquando
1353 1207 1578 1252 referente
1602 1207 1773 1252 solenni

370 1294 471 1327 tate.
507 1282 698 1325 Deuotis
732 1280 913 1340 quidem
946 1280 1171 1325 mentibus
1212 1280 1430 1325 accedunt
1461 1282 1580 1325 illam
1616 1282 1773 1341 populi

367 1354 575 1407 audituri,
613 1367 823 1414 tanquam
857 1355 1092 1414 participes
1124 1353 1265 1398 futuri
1288 1355 1394 1398 eius.
1420 1354 1540 1398 Solet
1562 1361 1665 1399 aute
1687 1354 1772 1399 hoc

368 1428 547 1474 differre
580 1430 759 1473 illorum
793 1426 913 1472 miffa
945 1428 968 1472 ὲ
1001 1428 1166 1480 nostra,
1201 1427 1322 1488 quod
1356 1427 1611 1472 Moscouitae
1643 1429 1689 1471 in
1716 1444 1773 1488 pa

368 1519 426 1548 ne
448 1502 737 1555 fermentato,
763 1503 1025 1546 Graecorum
1050 1518 1190 1554 more,
1214 1501 1454 1546 conficiunt
1476 1522 1483 1544 :
1505 1502 1641 1545 Calici
1664 1502 1771 1546 item

370 1590 544 1623 tantum
567 1593 694 1637 aquae
719 1588 937 1636 quantum
961 1578 1055 1620 uini
1074 1577 1200 1621 rubei
1223 1575 1409 1620 miscent
1430 1596 1437 1619 :
1459 1592 1592 1636 quam
1611 1591 1771 1635 aquam

369 1652 416 1696 ἃ
441 1651 625 1696 calidam
649 1649 733 1695 effe
765 1651 953 1703 uolunt,
986 1650 1108 1710 quod
1131 1666 1187 1694 ex
1208 1651 1346 1695 latere
1372 1650 1542 1694 domini
1566 1665 1658 1693 non
1681 1648 1772 1693 fine

367 1725 572 1786 mysterio
596 1740 758 1785 magno
781 1722 1045 1784 profluxerit
1069 1723 1244 1784 sanguis
1277 1724 1322 1768 &
1355 1739 1494 1783 aqua,
1528 1738 1661 1782 quam
1693 1737 1772 1766 ca·-

367 1799 501 1843 lidam
525 1797 653 1842 fuisse
676 1797 855 1842 credere
879 1798 986 1858 phas
1010 1797 1070 1842 est
1090 1818 1097 1841 :
1124 1798 1291 1857 alioqui
1313 1798 1432 1841 enim
1455 1796 1669 1840 miraculfi
1696 1796 1773 1839 uix

368 1872 535 1917 censeri
568 1871 720 1933 poflet.
760 1873 891 1931 Hocq
929 1871 1252 1916 sacramentum
1291 1871 1488 1930 corporis
1519 1870 1566 1913 ὃς
1596 1868 1771 1929 sangui-

370 1948 436 1991 nis
459 1947 482 1990 ἒι
505 1946 599 1990 solo
618 1945 843 1990 sacerdote
865 1944 1129 1996 cosecratur,
1155 1946 1231 2004 qui
1254 1944 1396 1988 ueluti
1418 1943 1550 1987 nostri
1574 1941 1683 1994 fere,
1708 1941 1769 1986 sto

367 2022 409 2065 la
435 2020 533 2064 alba
559 2018 762 2070 indutus,
788 2030 881 2062 tota
904 2030 1056 2062 mente
1073 2017 1127 2061 ad
1150 2017 1235 2061 defi
1253 2018 1441 2068 eleuata,
1466 2016 1509 2059 id
1527 2014 1699 2060 efficere
1716 2030 1768 2059 co

368 2107 498 2138 natur
524 2092 803 2153 mysterium,
840 2092 962 2152 quod
990 2107 1070 2152 pro
1096 2090 1327 2135 sufficienti
1356 2092 1542 2152 pignore
1565 2091 1768 2134 omnium

367 2166 703 2229 promiffionum
727 2166 905 2210 suarum
929 2166 1125 2210 Christus
1152 2167 1197 2209 in
1229 2167 1384 2210 ultima
1414 2180 1541 2209 coena
1574 2165 1768 2223 reliquit,

369 2240 748 2303 quemadmodum
772 2239 1007 2285 uniuersus
1030 2240 1148 2284 orbis
1181 2239 1359 2284 fatetur.
1402 2238 1628 2299 Epistolam
1661 2238 1767 2282 item

1584 2311 1631 2354 &
1650 2311 1767 2354 Euan
