1958 2605
532 270 575 302 D.
624 268 699 302 IO.
748 267 912 301 FABRI
955 265 1257 300 AVTHORE.

200 340 354 383 omniu
379 352 473 384 tum
496 354 768 399 congruum,
801 350 894 382 tum
915 334 1198 380 necessarium
1221 336 1329 379 mihi
1351 334 1520 386 uisum,
1544 347 1595 378 ut

201 427 300 471 quae
336 413 526 456 nominis
553 411 789 471 appellatio
821 410 922 453 huic
956 410 1077 469 genti
1107 409 1257 453 existat
1282 408 1416 452 hodie
1446 406 1595 467 paffim

201 485 362 545 uulgo,
389 497 482 528 tum
507 500 605 544 quae
628 483 767 543 prisca
790 482 949 534 fuerit,
973 481 1184 534 referam,
1208 482 1285 525 ubi
1310 483 1354 524 &
1378 481 1594 524 maximus

201 558 328 601 nobis
359 558 484 601 labor
516 556 744 600 incumbit.
771 557 818 599 In
849 553 1128 598 conferendis
1160 569 1352 613 namque
1384 554 1457 597 uel
1489 554 1594 596 Grae

200 644 354 673 corum
387 646 488 673 cum
526 630 683 673 Latinis
720 629 1044 680 monumentis,
1083 628 1157 671 uel
1194 625 1480 671 uetustiffimis
1513 626 1595 670 illis

200 718 302 747 cum
335 704 677 755 recentioribus,
711 718 804 746 non
835 701 1066 746 mediocris
1100 702 1289 762 exigitur
1322 701 1483 761 ingenij
1520 701 1596 742 iu—

201 775 376 819 dicium.
412 776 548 820 Facile
581 777 699 820 enim
734 776 882 819 omnia
905 775 1120 818 comutari
1154 774 1395 833 contingit,
1430 788 1596 832 quem—

200 848 441 892 admodum
474 850 519 892 in
556 849 754 892 moribus
791 847 886 892 fieri
919 847 1180 906 frequenter
1213 848 1421 890 cernitur.
1457 847 1595 888 Inue—

200 922 276 968 nio
299 923 392 981 itaq
422 938 496 966 eos
528 923 741 982 populos,
772 937 882 981 quos
916 921 1143 964 communi
1178 919 1395 963 uocabulo
1418 934 1498 962 nos
1521 919 1593 961 Mo

201 993 387 1038 scouitas
415 996 685 1054 appellamus
711 994 869 1046 hodie,
903 994 1034 1044 olim,
1068 993 1173 1037 teste
1200 993 1362 1043 Plinio,
1395 991 1595 1035 Roxola-

202 1083 282 1111 nos
306 1066 390 1111 effe
413 1067 576 1120 diastos,
609 1084 720 1127 quos
755 1080 902 1111 tamen
926 1066 1250 1125 aliquantulum
1273 1076 1544 1108 commutata
1565 1065 1596 1107 li

203 1153 318 1192 tera,
355 1141 502 1185 tabula
536 1143 716 1200 Europae
758 1139 915 1184 oeiaua
946 1139 1207 1183 Ptolemaeus
1238 1137 1480 1182 Rosolanos
1512 1152 1596 1180 no-

201 1214 363 1266 minat,
397 1213 773 1273 quemadmodum
797 1213 844 1256 &
866 1212 1031 1256 Strabo.
1063 1212 1156 1269 Qui
1178 1211 1310 1255 etiam
1334 1211 1477 1254 multo
1510 1210 1595 1253 iam

204 1298 405 1346 tempore
428 1288 620 1332 Rutheni
643 1286 747 1331 diffl
775 1286 914 1330 fuere.
939 1287 1088 1344 Atque
1110 1285 1156 1328 hi
1188 1283 1314 1336 sunt,
1342 1284 1418 1342 qui
1442 1298 1596 1342 quon—

201 1359 301 1404 dam
344 1360 550 1404 aduersus
593 1359 850 1404 Mithridatis
888 1360 1203 1418 Antipatorum
1251 1357 1381 1400 duces
1424 1356 1597 1400 strenue

201 1433 489 1486 dimicarunt,
523 1434 663 1478 ueluti
687 1433 839 1478 Strabo
864 1432 1013 1476 refert.
1040 1431 1186 1475 Hodie
1209 1445 1342 1482 uero,
1367 1429 1599 1473 cuiusmo—

202 1506 247 1550 di
270 1507 316 1550 ἀ
339 1519 469 1550 antea
490 1507 697 1559 memini,
721 1521 802 1566 pro
827 1518 1080 1565 temporum
1104 1505 1342 1555 uarietate,
1366 1502 1475 1545 nihil
1500 1503 1598 1561 plus

202 1581 426 1624 immutari
468 1581 714 1632 cernimus,
759 1579 891 1639 quam
934 1579 1192 1639 regionum,
1235 1577 1599 1636 prouinciarumq

203 1653 395 1696 nomina.
437 1654 665 1711 Quoniam
700 1652 803 1696 urbs
836 1651 896 1695 est
928 1652 1010 1694 illis
1048 1650 1202 1710 regalis
1237 1650 1372 1693 totius
1402 1649 1596 1708 prouin—

203 1725 280 1768 ciae
312 1723 533 1768 Moscouia
569 1723 710 1776 dieta,
749 1723 869 1767 unde
906 1724 952 1767 &
985 1722 1237 1766 Moscouitae
1272 1737 1438 1765 nomen
1471 1736 1595 1765 acce-

202 1804 336 1857 perut
357 1817 364 1840 :
390 1798 463 1841 uel
486 1810 536 1841 ut
559 1798 650 1857 alijs
667 1797 826 1857 placet,
850 1797 991 1840 ueluti
1014 1796 1301 1847 Volaterano,
1320 1793 1344 1838 a
1365 1792 1505 1837 fluuio
1525 1794 1596 1837 Mo

204 1869 338 1930 scouij
366 1883 539 1929 utcunq
569 1869 838 1914 deriuaueris
868 1869 952 1912 hoc
984 1867 1144 1919 modo,
1178 1883 1270 1911 non
1304 1865 1497 1910 admodn
1519 1881 1597 1910 re—

206 1943 382 1995 tulerit,
415 1942 658 1986 dummodo
691 1942 881 1986 nominis
913 1942 1024 1985 ratio
1057 1939 1223 2000 liquida
1254 1938 1342 1983 fiat.
1380 1940 1457 1982 His
1490 1939 1625 2007 olim]

1622 1990 1708 2007 oannes
1735 1983 1853 2015 quondam

1645 386 1668 410 V
1667 391 1677 410 t
1691 391 1809 411 nocentur.

1660 937 1802 970 Moscouitae.

1667 1008 1793 1033 Roxolani.

1680 1297 1789 1322 Rutheni.

1627 1680 1677 1703 Cur
1696 1678 1831 1711 Mqscouitae

1699 1717 1765 1742 diffl.

204 2015 385 2076 praefuit
408 2017 591 2059 Ioannes
615 2015 724 2067 dux,
758 2016 828 2058 cui
862 2015 1032 2058 Helena
1065 2015 1227 2057 coiunx
1255 2025 1349 2057 erat
1379 2011 1433 2056 de
1456 2012 1596 2055 Palaeo
1610 2023 1752 2046 dumorum
1763 2021 1853 2052 extitit,

1611 2061 1652 2094 qui
1664 2069 1696 2085 ex
1713 2059 1853 2093 Pala-alogo-

204 2090 430 2149 logorum,
454 2088 539 2131 hoc
562 2088 636 2140 est,
661 2088 1256 2147 Constantino‘politanorum
1279 2086 1597 2145 imperatorum
1611 2108 1666 2124 rum
1678 2107 1768 2131 genere
1783 2098 1855 2123 Hele-

206 2177 368 2222 genere
409 2174 522 2205 nata.
571 2162 696 2205 Vltra
731 2161 811 2205 hos
849 2162 1100 2205 Roxolanos
1137 2159 1316 2219 quidem
1351 2157 1504 2202 Strabo
1539 2159 1600 2202 ait

206 2235 430 2279 neminem
464 2234 673 2277 habitare.
711 2234 818 2277 Sunt
850 2235 998 2293 itaque
1031 2232 1225 2276 Rutheni
1256 2231 1346 2275 fiue
1374 2229 1600 2274 Moscoui—

1377 2304 1472 2363 A,

1640 2147 1697 2163 nam
1708 2139 1824 2163 duxerat.
