1958 2605
625 288 1136 323 MOSCOVITARVM
1180 288 1469 329 RELIGIO,

344 362 390 407 se
409 361 582 423 sperare
601 360 892 413 affirmabant,
917 374 968 406 ut
986 361 1133 421 quado
1158 368 1211 404 esi
1230 360 1433 404 Caesarea
1450 361 1687 414 maiestate,
1713 378 1762 406 ca

346 438 439 498 pite
459 437 630 488 omniu,
651 434 779 479 fimul
798 448 876 495 atq
898 448 973 480 tua
996 435 1234 480 serenitate
1254 436 1479 488 coueniat‚
1498 434 1628 479 facile
1648 442 1764 480 eue—

350 519 543 563 turs1,ut
567 512 600 554 is
625 511 702 570 qui
726 525 831 553 uera
849 526 935 569 pax
953 510 1027 563 est
1052 511 1112 554 eis
1132 511 1219 554 etia
1241 517 1292 553 cs]
1319 509 1494 554 summo
1518 509 1690 570 pastore
1713 522 1766 554 ut

91 602 174 635 ,μω
177 601 265 634 (ff
266 601 310 625 ιιιι
312 586 558 629 ιιεόιῑεῃίῑῑῑ
583 583 816 628 effeisturu.
845 582 1121 628 Diflentisit
1108 601 1132 628 a
1155 584 1283 628 nobis
1308 585 1353 628 in
1377 584 1640 628 {aeramenti
1664 583 1765 628 cose

165 642 226 665 [ιιι
245 650 273 665 ,,

350 659 547 703 eratione
582 658 936 718 aliquatuls1,ac
959 657 1179 702 fraelione
1208 659 1345 718 panis.
1377 659 1538 719 Spiritu
1563 657 1755 702 samstu
1741 674 1765 702 a

350 732 446 777 solo
470 745 611 793 patre,
638 748 718 776 nec
743 748 767 775 a
789 730 882 775 filio
907 731 1152 792 procedere
1175 732 1360 792 perinde
1383 745 1460 793 atq
1485 733 1631 776 Graeci
1657 745 1765 777 tuen

351 820 435 851 tur.
465 809 660 867 Quaqua
684 822 794 850 uero
829 805 913 851 fint
946 806 1064 866 apud
1097 808 1280 850 Graecos
1305 807 1450 867 pleriq
1474 808 1551 867 qui
1575 819 1765 867 purgato

351 883 416 925 ris]
443 889 591 943 neget,
618 882 664 926 ok
689 882 759 942 alij
787 883 864 941 qui
888 882 1199 943 purgatorium
1224 880 1448 941 scripturis
1467 882 1658 942 probare
1682 897 1767 926 co—

352 963 498 1000 netur.
522 957 566 999 [n
585 956 669 999 hoc
695 962 812 1000 tame
836 954 880 1000 se
905 962 965 999 no
984 955 1113 999 facile
1133 953 1306 999 scissura
1323 956 1415 1015 pati
1433 954 1635 1008 affirmat,
1655 956 1765 1015 quin

353 1030 545 1091 idipsum
570 1029 757 1074 firmiter
790 1037 842 1074 cs]
877 1031 1076 1074 Romana
1103 1029 1281 1074 ecclefia
1306 1037 1468 1074 teneat.
1511 1028 1646 1074 Miflas
1675 1046 1766 1074 no-

354 1105 456 1149 stras
480 1105 630 1148 animo
654 1103 978 1164 promptissimo
1003 1104 1218 1156 audiunt,
1257 1120 1347 1164 neq
1380 1102 1499 1148 aliud
1531 1105 1667 1164 magis
1690 1119 1768 1147 cru

354 1180 456 1223 ciari
475 1180 581 1232 aiut,
601 1178 736 1238 quam
756 1196 801 1238 Ψ
822 1178 846 1222 a
869 1177 1088 1238 quibusda
1109 1177 1228 1238 quafi
1247 1179 1379 1222 alieni
1397 1178 1422 1222 a
1441 1177 1529 1222 fide
1550 1178 1767 1230 uitentur,

356 1253 536 1313 quando
572 1254 721 1297 omnia
744 1252 840 1297 fere
876 1253 1019 1297 nostra
1051 1252 1167 1296 sacra
1190 1260 1243 1296 cu
1268 1252 1409 1297 studio
1435 1251 1656 1296 obseruet.
1683 1253 1769 1296 Fe-

354 1327 414 1371 sta
440 1329 548 1371 item
579 1339 773 1387 quatuor
798 1326 997 1371 solennia
1021 1328 1214 1371 celebrat
1235 1347 1243 1370 :
1271 1328 1438 1371 Natalis
1462 1325 1625 1371 scilicet
1647 1326 1770 1371 domi

355 1403 401 1445 ni
425 1401 618 1454 Paschae,
645 1402 691 1446 ἃ
717 1402 1016 1454 pentecostes,
1049 1414 1127 1462 atq
1151 1401 1237 1446 diei
1271 1417 1362 1461 quo
1386 1414 1528 1445 mater
1551 1400 1722 1445 domini
1745 1400 1770 1445 a

355 1475 447 1520 filio
477 1475 693 1536 aflumpta
725 1475 784 1520 est
816 1477 861 1519 in
892 1476 1022 1519 coelsl.
1058 1476 1217 1537 Magno
1250 1475 1350 1519 loco
1383 1474 1551 1519 habent
1585 1474 1768 1535 aposto—

269 1597 332 1613 ffl-
356 1551 446 1602 los,
472 1551 687 1610 precipuo
724 1561 873 1593 tamen
906 1548 1057 1593 santffi‘i
1092 1550 1327 1593 Nicolaum
1347 1585 1358 1601 ,
1388 1564 1523 1609 quem
1558 1549 1768 1601 celebrat,

357 1623 599 1676 honorant,
624 1636 703 1683 atq
726 1624 951 1668 inuocant.
978 1625 1139 1683 Neque
1163 1622 1261 1683 ipfis
1286 1622 1405 1675 solu,
1430 1638 1591 1667 uerum
1615 1623 1660 1666 δε
1681 1623 1770 1666 Tar

359 1698 460 1742 taris
497 1709 633 1756 atque
665 1697 989 1741 Mahometanis
1025 1698 1226 1757 plurimis
1265 1697 1326 1741 est
1356 1698 1592 1757 peculiare.
1635 1697 1770 1741 Diem

357 1771 605 1815 Palmarum
638 1770 692 1815 ad
726 1771 978 1815 imitatione
1011 1770 1201 1816 ecclefiae
1225 1773 1302 1815 Ro.
1339 1771 1580 1824 celebrant,
1604 1771 1770 1831 palmas

358 1846 404 1890 &
429 1846 594 1897 oliuas‚
627 1857 764 1905 atque
795 1845 987 1905 reliquas
1020 1845 1276 1890 huiusmodi
1310 1845 1489 1890 arbores
1521 1845 1770 1890 benedicen

359 1932 450 1964 tes:
477 1920 637 1979 Hancq
659 1918 1021 1964 beneditffionem
1045 1932 1374 1972 creaturarum,
1409 1935 1501 1963 non
1534 1918 1680 1963 solum
1714 1919 1768 1963 ab

358 1992 535 2038 ecclefia
557 1994 630 2053 pie
654 2005 896 2053 receptam,
923 1992 999 2037 sed
1022 1994 1069 2037 ὃς
1093 1992 1220 2037 sacris
1238 1993 1375 2037 literis
1394 1992 1513 2037 ref’te
1532 1992 1767 2038 fundatam

357 2067 563 2128 probant.
597 2069 654 2110 Ex
688 2083 803 2126 aqua
825 2068 944 2111 enim
969 2083 1068 2127 quae
1103 2067 1163 2112 est
1195 2068 1241 2111 in
1275 2069 1484 2112 Numeris
1507 2084 1599 2128 cap.
1626 2068 1768 2128 quin-

360 2154 405 2186 to
439 2140 487 2186 &
518 2140 820 2184 decimonono
853 2153 1006 2201 aperte
1038 2140 1333 2195 monstretur,
1374 2141 1482 2202 quid
1514 2143 1770 2186 execratio—

359 2232 436 2260 nes
482 2214 655 2276 poffint.
712 2216 760 2260 Et
797 2215 821 2259 ὲ
862 2216 995 2260 Paulo
1040 2215 1095 2259 ad
1138 2216 1464 2270 Timotheum,
1510 2215 1770 2260 sanfflficari

358 2302 604 2334 creaturam
643 2304 723 2349 per
761 2289 954 2333 uerbum
995 2289 1042 2333 ὃς
1086 2290 1360 2343 orationem,
1400 2289 1671 2335 notiffimum
1710 2288 1770 2334 est

1561 2363 1767 2408 omnibus
