1958 2605
718 287 1225 323 MOSCOVITARVM
1268 289 1553 331 RELIGIO,

440 360 497 403 Ex
536 359 696 418 quibus
734 374 827 402 non
864 359 1108 419 postremus
1146 360 1206 404 est
1245 376 1379 404 canus
1419 361 1492 405 ille
1531 361 1578 405 &
1615 361 1839 414 barbatus,

440 447 574 491 quem
604 433 730 475 uelut
757 433 998 476 Oratorem
1020 434 1331 478 Ruthenorum
1355 435 1597 494 imperator
1622 433 1761 487 mifit,
1789 446 1841 479 ut

439 505 721 550 serenitatem
755 517 876 549 tuam
908 507 1077 566 primo,
1121 523 1168 551 ac
1205 507 1301 567 post
1337 506 1539 551 Caesarea
1570 507 1839 552 maiestatem

439 580 484 622 in
509 578 730 638 Hispanijs
753 578 906 623 adiret.
945 581 1038 640 Qi
1065 580 1112 624 ἃ
1138 581 1315 641 triginta
1341 581 1534 625 millibus
1568 581 1722 640 equits]
1747 596 1840 640 quo

442 655 520 698 ties
543 653 649 697 belli
672 652 894 697 neceffitas
921 655 1072 715 exigit,
1091 656 1350 714 Imperatori
1377 654 1456 699 suo
1481 654 1736 699 succurrere
1759 653 1841 698 so-

439 726 514 770 let.
552 727 662 770 Sunt
696 726 742 770 &
777 726 846 786 alij
881 728 1116 787 principes,
1146 743 1340 787 quorum
1362 729 1566 788 potentia
1588 742 1681 772 non
1703 743 1842 788 parua

180 806 426 878 ffffyjjslj'rnsssgj
441 798 512 843 est.
537 801 597 843 At
623 798 733 842 illud
759 798 976 860 singulare
1002 800 1076 852 est,
1104 800 1226 860 quod
1249 802 1293 845 in
1317 800 1415 860 ipfis
1439 800 1610 845 summe
1633 808 1842 846 comme-

175 884 362 917 prouinciarum
387 885 426 909 ob·
440 872 533 916 dari
555 873 712 933 potest,
736 885 788 918 ut
810 874 958 918 nullus
975 873 1027 918 fit
1044 881 1153 918 eoru
1178 886 1265 918 tam
1289 875 1475 927 illustris,
1500 875 1622 919 diues
1646 891 1694 919 ac
1716 890 1841 935 prae-

238 928 371 956 temperem
437 953 582 1006 potes,
607 948 715 1007 quin
739 946 968 991 accerfitus
992 947 1017 991 ὲι
1043 947 1169 999 duce,
1193 947 1409 1007 perquam
1430 948 1682 992 humillimfl
1705 949 1839 992 etiam

436 1035 713 1080 praeconem,
757 1020 898 1065 statim
934 1020 1138 1073 aduolet,
1174 1020 1380 1065 omnibus
1411 1021 1625 1065 mandatis
1655 1021 1720 1065 sui
1747 1023 1841 1066 im-

436 1095 672 1154 peratoris,
696 1093 824 1138 instar
847 1094 940 1146 dei,
965 1094 1219 1154 obreperet,
1254 1095 1387 1138 etiam
1411 1095 1455 1138 in
1479 1095 1529 1154 ijs
1553 1093 1715 1147 cauffis,
1739 1111 1840 1154 quae

436 1169 511 1211 uel
549 1169 653 1212 uitae
691 1168 1037 1220 detrimentum,
1075 1168 1359 1228 periculumq
1398 1168 1574 1228 exigere
1613 1168 1837 1231 uidentur.

436 1242 530 1286 Imo
553 1242 647 1285 haec
671 1243 862 1286 maxima
884 1258 1027 1294 noxa,
1062 1258 1111 1286 ac
1143 1243 1385 1303 ignominia
1419 1242 1536 1302 apud
1568 1241 1682 1302 ipsos
1710 1241 1840 1286 cense

439 1327 525 1367 tur,
550 1331 690 1374 quum
716 1316 863 1360 minus
889 1316 1045 1375 aliquis
1073 1316 1118 1359 in
1142 1315 1309 1359 cunctis
1337 1315 1437 1359 duci
1456 1315 1535 1359 suo
1558 1331 1640 1376 pro
1665 1316 1840 1360 uolun-

439 1400 528 1433 tate
561 1390 713 1450 egerit.
747 1391 930 1433 Econtra
961 1388 1324 1449 praeclariffimam
1353 1390 1398 1433 in
1431 1390 1529 1433 uiro
1558 1388 1642 1433 effe
1675 1388 1839 1433 obedi-

175 1467 427 1540 ffif'itfssuibfsspss}
440 1464 618 1506 entiam.
655 1462 818 1506 Idcirco
846 1464 961 1506 intra
992 1479 1154 1522 paucos
1178 1463 1269 1506 dies
1297 1462 1534 1522 aliquando
1561 1462 1647 1515 bis,
1672 1474 1748 1506 aut
1772 1474 1838 1507 ter

198 1548 299 1571 educere
311 1551 406 1580 queant·
439 1548 629 1580 centena
650 1536 808 1588 millia,
833 1537 907 1580 uel
940 1536 1041 1580 alias
1074 1538 1300 1597 ingentem
1335 1535 1555 1596 quandam
1578 1535 1839 1580 multitudi-

439 1625 543 1654 nem
567 1625 835 1670 congregare
868 1609 1028 1669 potest,
1054 1622 1208 1654 contra
1240 1610 1382 1654 hostes
1415 1609 1535 1661 suos,
1565 1621 1641 1653 aut
1673 1611 1838 1653 Tarta—

438 1698 525 1736 ros,
549 1695 626 1727 aut
653 1682 875 1728 Caesarem
905 1682 1203 1743 Caphensem,
1230 1684 1305 1727 uel
1326 1684 1433 1727 alios
1457 1682 1636 1743 quosuis
1662 1683 1840 1726 exerci-

439 1769 535 1801 tum
562 1756 799 1809 ducturus,
833 1756 944 1801 adeo
968 1757 1089 1801 nulla
1115 1757 1174 1801 est
1201 1758 1323 1801 natio
1351 1773 1451 1816 quae
1478 1756 1734 1816 imperatori
1757 1754 1838 1800 suo

437 1831 573 1891 magis
597 1830 791 1883 obediat,
815 1829 926 1874 nihil
948 1832 1046 1890 plus
1074 1831 1171 1874 uiro
1196 1830 1379 1891 dignum
1403 1841 1480 1874 aut
1501 1827 1729 1891 gloriofius
1753 1827 1839 1872 efle

439 1904 673 1957 ducentes,
702 1904 836 1964 quam
867 1920 950 1964 pro
983 1905 1183 1964 principe
1206 1905 1339 1948 etiam
1362 1905 1488 1947 mori.
1529 1904 1594 1946 Sic
1617 1903 1734 1946 enim
1757 1917 1838 1946 re-

179 1964 427 2036 psrssffiffl‘fflffs'
440 1977 510 2022 <ste
542 1976 586 2021 se
614 1978 947 2022 immortalitate
974 1978 1129 2022 donari
1161 1977 1418 2021 existimant.
1455 1975 1557 2020 Ideo
1581 1976 1713 2020 etiam
1736 1974 1837 2019 fre—

259 2043 337 2076 gium'
439 2063 631 2111 quenter
662 2063 815 2095 contra
849 2052 1079 2103 Tartaros,
1112 2052 1300 2102 Turcas,
1330 2050 1377 2093 ἅ
1399 2049 1505 2093 alios
1534 2064 1635 2092 cum
1660 2060 1748 2092 tam
1774 2063 1835 2108 po

439 2126 552 2170 tenti
575 2126 730 2184 equitfi
754 2126 975 2177 exercitu,
1010 2124 1137 2168 instar
1169 2140 1303 2184 apum
1335 2121 1547 2175 collecto,
1582 2120 1836 2166 fortiffimos

439 2198 687 2258 triumphos
715 2213 845 2258 agere
868 2196 1024 2241 solent.
1061 2199 1108 2242 Et
1139 2213 1193 2241 eo
1223 2208 1448 2256 tempore,
1483 2211 1573 2255 quo
1597 2193 1744 2239 Caesar
1766 2194 1837 2238 Ma

436 2272 686 2316 ximilianus
710 2287 811 2316 cum
835 2270 933 2331 ipfis
956 2270 1104 2315 foedus
1127 2272 1240 2331 inijt,
1264 2286 1365 2314 cum
1384 2285 1487 2330 rege
1505 2269 1714 2313 Polloniae
1735 2267 1834 2312 bel—

1736 2342 1830 2385 lum
