1958 2605
539 287 581 320 D.
624 287 698 321 IO.
744 287 920 321 PABRI
963 287 1289 322 AVTHORE.

219 372 323 401 men
348 357 458 402 caste
481 357 631 402 forsita
654 359 707 402 ah
736 358 832 418 ipfis
857 359 1001 419 agitur
1020 360 1064 402 in
1086 374 1135 402 ea
1158 374 1219 411 re,
1245 374 1378 418 quam
1402 357 1427 402 a
1449 357 1615 402 nostris.

217 430 518 491 Impijffimum
541 433 660 476 enirn
679 431 763 476 esse
786 431 971 484 ducunt,
995 445 1046 476 ut
1063 449 1162 492 quae
1187 431 1265 492 ipfi
1288 433 1419 493 gratis
1437 447 1619 492 accepe-

219 505 331 557 rint,
365 504 443 548 fibi
475 507 641 566 magnis
673 505 921 565 sumptibus
954 506 1209 550 redimenda
1241 505 1389 550 essent.
1426 508 1529 565 Neq
1554 505 1619 549 fas

220 577 279 622 est
296 579 375 621 ulli
393 577 599 638 episcopo
619 579 722 623 dare
739 579 955 639 potestate
972 579 1179 624 uescendi
1197 579 1411 624 carnibus.

282 651 520 712 Gymnafia
542 652 723 705 habent,
747 654 955 713 pauciora
979 666 1142 706 tamen,
1162 655 1205 698 in
1225 654 1386 713 quibus
1409 653 1536 713 pueri
1559 668 1619 697 no

219 725 376 769 bilium
408 725 536 770 bonis
570 727 721 779 literis,
745 728 971 787 maximeq
994 727 1120 771 sacris
1146 728 1447 780 instituuntur,
1470 728 1622 787 lingua

218 799 463 843 Ruthenica
485 799 766 860 frequentiss.
793 801 1034 845 admodum
1057 802 1186 861 pauci
1209 800 1328 853 sunt,
1354 802 1431 861 qui
1449 801 1622 861 peregri

220 874 286 916 nis
308 874 469 934 linguis
493 890 675 934 operam
704 874 975 934 impendant.
1002 877 1172 919 Graecae
1194 876 1341 935 pleriq
1357 875 1623 919 incumbunt

221 947 279 990 ob
304 946 558 991 sanCtorum
586 956 714 1008 patrsl
742 948 1068 1009 Chrysostomi‚
1092 950 1375 1001 Nazianzeni‚
1401 947 1555 1009 Bafilij‚
1575 949 1622 992 <Sc

221 1021 498 1080 reliquorum
521 1034 836 1074 monumenta,
865 1023 1103 1082 omniumq
1125 1037 1282 1066 eorum
1305 1023 1457 1083 gratia,
1482 1038 1581 1081 quae
1600 1021 1625 1066 a

223 1096 389 1139 Graecis
413 1095 612 1141 deriuata
638 1096 692 1140 ad
716 1112 873 1140 eorum
897 1112 1043 1141 mores
1066 1096 1141 1140 uel
1168 1096 1384 1156 religione
1406 1096 1625 1140 adcomo-

223 1168 314 1213 dari
354 1168 544 1229 possunt.
586 1170 820 1213 Hebraeam
860 1171 1044 1214 omnino
1085 1170 1340 1231 negligunt,
1385 1168 1464 1213 nifi
1503 1169 1626 1229 quod

223 1244 353 1286 unica
376 1243 469 1287 haec
492 1260 584 1287 uox
606 1244 798 1288 Alleluia
820 1245 866 1288 in
899 1242 1020 1288 mifla
1052 1243 1329 1303 frequentari
1351 1243 1476 1288 solet.
1507 1245 1626 1288 Mat—

226 1317 391 1369 thaeus,
425 1318 618 1370 Marcus,
647 1319 802 1370 Lucas,
826 1319 1011 1361 Ioannes
1026 1353 1037 1370 ‚
1062 1317 1254 1377 epistolae
1278 1318 1421 1370 Pauli,
1446 1318 1493 1361 ὃς
1516 1318 1627 1361 reli—

224 1406 324 1449 quae
358 1390 382 1434 a
416 1391 544 1434 nobis
579 1403 768 1451 receptae
802 1407 904 1434 cum
936 1390 1216 1451 Apocalypfi,
1250 1392 1365 1435 inter
1396 1392 1627 1435 canonicas

223 1465 332 1508 noui
358 1464 571 1509 testameti
595 1464 828 1525 scripturas
851 1463 1150 1508 recensentur.
1177 1467 1247 1508 De
1273 1465 1494 1508 canonicis
1517 1479 1627 1508 uero

225 1539 389 1582 ueteris
415 1537 661 1583 testamenti
685 1538 756 1582 ide
779 1537 970 1582 asserunt
1000 1538 1122 1598 quod
1146 1537 1345 1582 decreuit
1376 1536 1553 1582 ecclefia
1581 1553 1630 1581 ca

227 1613 402 1656 tholica.
438 1612 696 1657 Pontificem
729 1614 807 1657 Ro.
834 1626 885 1658 ut
909 1613 1067 1657 Christi
1101 1613 1313 1657 uicarium
1339 1614 1383 1656 ἅ
1409 1610 1629 1655 succeflo-

227 1701 322 1730 rem
346 1686 459 1730 Petri
483 1684 739 1746 agnoscunt.
771 1688 1009 1746 Propterea
1031 1687 1068 1730 S.
1095 1686 1365 1738 Clementis,
1394 1686 1430 1728 S.
1458 1685 1628 1738 Leonis,

228 1760 275 1804 ὃς
299 1759 391 1803 diui
414 1760 620 1819 Gregori]
651 1758 759 1803 festa
785 1759 904 1819 apud
936 1759 1197 1803 Moscouitas
1231 1759 1442 1803 celebrari
1465 1757 1631 1802 consue

228 1845 406 1877 uerunt.
443 1832 581 1891 Qod
615 1840 690 1877 aut
724 1832 778 1876 ab
811 1848 866 1876 eo
899 1832 1103 1893 apostatae
1136 1832 1279 1876 ueluti
1303 1847 1351 1875 ac
1374 1830 1631 1875 schismatici

229 1906 489 1959 damnetur,
522 1906 607 1950 hoc
635 1907 778 1951 uelint
805 1906 966 1951 iudicio
991 1906 1086 1950 iusti
1110 1906 1262 1950 iudicis
1285 1905 1357 1949 dei
1382 1905 1630 1958 comittere,

230 1980 416 2025 dicebat.
442 1979 606 2040 Saepiss.
633 1992 752 2024 certe
772 1991 994 2024 tentatum
1012 1979 1072 2024 est
1094 1995 1168 2024 eos
1191 1978 1447 2039 persuaderi
1469 1993 1559 2037 quo
1578 1977 1632 2021 ad

231 2053 523 2098 Occidentale
545 2052 723 2098 ecclesia
744 2053 942 2098 redirent
962 2073 969 2096 :
996 2069 1096 2113 quae
1122 2059 1239 2097 tame
1260 2051 1428 2096 fuerint
1446 2067 1545 2111 quae
1564 2052 1632 2095 in-

231 2127 402 2172 felicius
426 2127 597 2171 homini
620 2126 824 2171 frustrata
846 2126 944 2179 sint,
974 2126 1094 2171 forte
1121 2127 1219 2187 plus
1242 2125 1464 2186 profuerit
1486 2124 1656 2168 obtice-

233 2215 281 2245 re
298 2200 432 2260 quam
458 2199 851 2244 commemorando
875 2201 950 2244 uel
972 2199 1176 2244 scandals]
1202 2198 1519 2243 infirmioribus
1541 2213 1632 2258 prae

233 2274 364 2327 bere,
388 2274 463 2318 uel
486 2273 591 2318 odiu
615 2273 850 2333 quorunda
879 2275 925 2318 in
947 2289 1019 2318 me
1046 2272 1322 2317 contrahere.
1344 2274 1462 2316 Bene
1486 2283 1634 2316 tamen

1405 2348 1447 2390 D
1481 2362 1510 2401 4

1658 1259 1727 1284 Liba-i
1742 1265 1813 1284 auten
1825 1259 1861 1283 ici.
