1958 2605
636 272 1177 308 MOSCOVITARVM
1216 275 1502 320 RELIGIO,

367 345 483 389 neris
514 360 594 406 per
625 344 886 390 uniuersum
915 363 1103 401 annum,
1139 348 1319 408 quidam
1342 349 1389 394 &
1412 351 1630 413 Mercurij.
1672 353 1776 397 Vo—

368 431 463 463 tum
486 420 618 480 proin
641 418 844 465 fecerant
870 420 974 465 ocio
1002 438 1057 466 ex
1084 424 1328 484 peregrinis
1352 424 1450 477 illis,
1475 427 1552 485 qui
1576 442 1677 470 cum
1701 439 1778 471 tua

366 495 609 538 Serenitate
642 493 853 547 fuerunt,
886 508 938 540 ut
967 495 1146 557 fingulis
1179 497 1471 542 hebdomadis
1498 512 1583 543 tres
1608 500 1698 544 dies
1721 500 1776 544 ab

365 568 442 613 esu
466 569 665 613 carnium
684 568 971 623 abstinerent,
996 571 1127 615 Lunae
1147 571 1329 626 scilicet,
1354 574 1578 635 Mercurij,
1605 575 1652 618 ἃ
1675 575 1776 619 Ve-

364 644 510 687 neris:
536 642 580 686 id
604 643 727 703 quod
759 643 910 688 diuina
940 646 1078 706 gratia
1106 645 1322 691 hafflenus
1355 646 1643 692 obseruatum
1676 650 1774 693 aie—

363 717 441 761 bat
464 718 696 778 interpres.
721 719 866 763 Tanta
889 719 949 763 est
970 732 1121 764 autem
1145 721 1228 765 illis
1251 721 1410 766 harum
1435 722 1772 767 costitutionum

363 791 662 845 obseruantia,
696 805 747 837 ut
774 809 992 854 quocunq
1021 795 1189 839 ieiunio
1218 796 1444 855 piaculum
1473 795 1601 849 estet,
1627 797 1774 857 alique

362 867 567 912 carnibus
607 866 726 912 uesci
764 880 841 913 aut
880 869 990 913 ouis.
1043 870 1296 915 Narrabant
1334 872 1513 915 interim
1553 887 1679 932 quoq
1717 888 1774 916 ex

362 940 450 986 suis
482 942 690 995 inueniri,
726 943 929 1003 quicum
963 944 1126 988 ieiunia
1153 943 1399 1004 persolufit,
1430 945 1540 988 nihil
1563 945 1686 1005 quod
1709 962 1772 991 un

363 1031 498 1075 quam
517 1016 662 1060 uisum
685 1016 737 1061 s1t
755 1018 848 1062 uita
870 1017 1012 1079 fungi,
1039 1034 1188 1078 neque
1209 1017 1346 1079 pisces
1365 1018 1480 1078 ipsos
1502 1018 1666 1064 ederet.
1691 1021 1772 1064 In-

361 1092 505 1135 ueniri
530 1093 577 1136 &
600 1093 706 1136 alios
735 1093 813 1152 qui
840 1093 1007 1137 ieiunio
1041 1092 1208 1137 statutis
1239 1093 1394 1137 diebus
1425 1109 1574 1153 neque
1597 1094 1771 1148 uinum,

360 1182 510 1226 neque
544 1167 783 1226 quicquam
816 1166 936 1210 aliud
966 1179 1161 1227 potuum
1193 1166 1362 1212 bibant.
1406 1169 1509 1227 Qa
1541 1183 1589 1212 re
1623 1167 1773 1212 audita

359 1242 420 1286 ita
453 1242 587 1293 moti,
624 1253 674 1285 ut
706 1253 877 1293 mente,
910 1248 1140 1298 ἐνθουσιασμῷ
1162 1242 1376 1302 correpti,
1410 1241 1604 1286 destituti
1637 1241 1772 1286 uide-—

359 1330 534 1367 remur,
564 1314 687 1375 quod
715 1314 909 1359 admodsi
937 1316 1135 1375 iniquam
1165 1314 1249 1360 esse
1272 1315 1524 1360 nostrorum
1552 1301 1771 1359 Christia—

359 1405 524 1434 norum
556 1405 657 1434 cum
692 1389 774 1434 illis
807 1390 853 1433 in
885 1389 1018 1434 rebus
1050 1389 1134 1434 istis
1169 1389 1331 1434 Christi
1362 1390 1624 1451 religionem
1653 1405 1770 1433 con-

360 1464 614 1508 cernetibus
637 1464 971 1524 coparationem
994 1463 1264 1524 apparabat:
1294 1479 1376 1507 nec
1403 1464 1540 1524 magis
1568 1479 1768 1523 unquam

359 1539 599 1599 quicquam
629 1539 785 1583 animis
809 1537 963 1582 nostris
988 1539 1184 1582 tenacius
1218 1537 1408 1591 inhaefit‚
1440 1537 1563 1598 quod
1586 1554 1668 1582 nos
1692 1538 1768 1597 qui

357 1613 486 1657 nobis
513 1612 611 1673 ipfis
634 1613 828 1657 multum
853 1611 1171 1673 persuademus
1194 1612 1249 1656 de
1272 1612 1431 1656 arbore
1462 1611 1566 1656 fidei
1594 1611 1767 1664 nostrae,

356 1685 510 1731 fruc‘tu
547 1687 730 1747 quidem
765 1686 1008 1731 deteriores
1046 1687 1129 1730 illis
1164 1685 1249 1730 effe
1287 1687 1529 1747 contingat.
1572 1687 1768 1730 Oremus

356 1761 492 1823 igitur
535 1760 689 1805 sedulo
733 1760 843 1805 boni
887 1760 1121 1804 Christiani
1140 1796 1152 1813 ‚
1204 1772 1261 1804 ut-
1299 1759 1437 1804 semel
1481 1758 1767 1804 obdurationi

355 1835 459 1880 huic
504 1835 785 1880 Pharaonicae
830 1834 1032 1879 cordium
1078 1834 1329 1879 nostrorum
1381 1833 1517 1878 finem
1566 1834 1769 1894 imponat

356 1926 405 1955 ac
428 1911 613 1972 gratiam
637 1910 874 1963 retribuat,
899 1922 950 1954 ut
976 1926 1079 1954 cum
1102 1910 1195 1969 alijs
1220 1925 1331 1969 quos
1356 1909 1458 1952 alias
1482 1907 1637 1952 ferinae
1661 1909 1766 1952 uitae

356 1984 644 2037 aestimamus,
673 1983 942 2045 cognoscere
973 1984 1102 2027 liceat
1128 1982 1194 2026 his
1218 1981 1438 2026 fruffibus
1460 1981 1593 2025 bonae
1626 1981 1766 2025 arbo-

355 2060 412 2104 ris
433 2079 441 2103 ε
467 2071 519 2103 ut
542 2059 602 2103 est
624 2058 886 2103 abstinentia
908 2058 1072 2101 animas
1097 2055 1261 2100 nostras
1289 2055 1375 2100 deo
1407 2056 1592 2108 lucrari,
1629 2054 1764 2099 deum

354 2134 602 2194 propitium
622 2169 633 2186 ‚
689 2133 1035 2192 immemoremq
1087 2130 1303 2175 scelerum
1351 2129 1604 2174 nostrorum
1651 2128 1763 2182 fieri,

355 2207 720 2269 quandoquidem
746 2207 1050 2251 Niniuitarum
1080 2205 1393 2266 poenitentiam
1422 2220 1469 2248 ac
1494 2202 1764 2265 ingemiscen

356 2295 446 2327 tem
463 2319 474 2336 ‚
507 2281 753 2342 afflictumq
781 2280 983 2341 spiritum
1018 2278 1155 2324 semel
1178 2279 1238 2323 est
1260 2279 1399 2323 oculis
1423 2277 1648 2322 immensae
1671 2277 1763 2320 mi—

1515 2350 1762 2396 sericordiae
