1958 2605
537 278 577 311 D.
621 278 694 312 10.
740 279 915 312 PABRI
959 281 1282 315 AVTHORE.

215 363 306 407 quo
345 348 647 393 conieeturare
685 351 812 401 licet,
844 362 978 409 atque
1016 354 1264 412 argumenti
1302 355 1401 398 loco
1439 355 1606 408 haberi,

215 422 576 481 quandoquidem
621 439 799 467 omnem
853 425 1110 485 religionem
1156 425 1277 470 suam
1325 443 1403 487 per
1452 446 1606 474 manus

216 494 417 538 traditam
459 495 622 539 habent
660 496 713 539 ab
753 496 977 555 apostolis,
1018 497 1341 557 impositionem
1381 502 1498 545 illam
1536 518 1606 546 ma

215 583 355 610 nuum
389 570 462 612 uel
485 570 529 612 in
552 568 902 622 confirmatione,
923 572 995 614 uel
1019 572 1062 615 in
1087 572 1241 616 ordine
1265 572 1382 618 sacro
1407 573 1486 618 soli
1504 576 1605 635 epi—

214 638 346 699 scopo
383 640 583 684 traditam
622 640 729 693 elle,
770 641 858 702 ficq
888 643 1098 688 haelenus
1133 660 1424 691 monumenta
1458 649 1606 692 omnia

214 725 482 765 tenuerunt,
533 727 665 774 atque
718 729 932 776 perpetua
976 718 1286 764 obseruatione
1341 721 1603 766 custoditum

212 786 282 830 est.
320 789 389 831 De
425 789 707 833 matrimonio
746 789 776 832 fi
811 807 895 850 qua
929 791 1113 836 dicenda
1144 792 1272 837 sunt:
1315 795 1398 838 hoc
1433 808 1603 840 certum

212 858 295 903 esse
319 859 612 913 affirmarunt,
648 862 1059 923 consanguinitatis,
1091 865 1214 910 fimul
1249 881 1381 927 atque
1409 867 1604 913 affinita-

213 934 264 977 tis
296 935 487 978 multum
522 950 636 978 curae
670 951 717 979 ac
752 935 1034 982 solicitudinis
1067 938 1150 984 effe
1173 940 1294 1000 ipfis,
1334 957 1478 1001 neque
1510 959 1603 987 un—

211 1022 345 1066 quam
378 1006 506 1051 facile
547 1009 732 1069 negligi,
773 1010 882 1054 adeo
917 1027 1097 1071 quoque
1136 1027 1184 1057 ut
1216 1030 1297 1058 nec
1329 1031 1524 1074 unquam
1557 1017 1601 1060 in

211 1093 370 1139 quarto
402 1081 538 1141 gradu
572 1083 645 1125 uel
678 1096 876 1142 repertus
910 1083 983 1137 fit,
1019 1087 1095 1144 qui
1128 1089 1421 1140 contraxerit,
1456 1105 1603 1148 neque

211 1152 456 1206 indultum,
491 1169 648 1198 uerum
682 1156 901 1215 perpetuo
927 1158 1090 1202 illicitsl.
1128 1161 1224 1203 Hoc
1249 1162 1367 1204 enim
1391 1161 1414 1204 a
1447 1161 1603 1207 sanetis

209 1227 406 1286 patribus
430 1227 641 1272 sancitum
674 1229 832 1283 semel,
866 1241 1048 1291 nunqua
1079 1234 1248 1278 irritum
1282 1234 1426 1279 facere
1459 1252 1601 1281 conan

211 1312 294 1344 tur.
339 1303 385 1345 Et
417 1302 538 1361 quod
570 1304 667 1362 plus
707 1304 788 1357 est,
837 1306 946 1349 illud
983 1308 1193 1367 quicquid
1233 1308 1291 1352 est
1329 1311 1601 1370 cognationis

208 1373 330 1432 quod
353 1375 397 1417 in
420 1374 707 1434 baptismate,
749 1378 793 1420 ἅ
834 1378 1167 1425 confirmatione
1205 1382 1473 1427 contrahunt
1515 1399 1602 1442 pa-

209 1447 334 1499 trini,
370 1448 413 1490 in
447 1448 702 1492 uniuersum
736 1466 862 1510 aeque
895 1452 1130 1498 obseruare
1155 1453 1321 1507 solent,
1356 1468 1489 1515 atque
1520 1472 1600 1500 ec-

208 1518 345 1562 clefiae
377 1521 584 1564 Romanae
616 1521 800 1567 decretis
832 1538 1010 1569 cautum
1045 1527 1116 1570 est.
1143 1527 1280 1586 Qod
1302 1527 1332 1571 fi
1356 1530 1400 1572 in
1426 1529 1491 1572 his
1515 1529 1603 1573 de·—

207 1592 436 1636 cernendis
459 1596 729 1639 concertatio
754 1596 911 1642 oborta
935 1597 1094 1652 fuerit,
1123 1602 1173 1644 lis
1197 1603 1338 1646 omnis
1361 1602 1598 1664 episcopo—

207 1680 306 1709 rum
339 1667 518 1711 arbitrio
551 1667 795 1722 dirimitur,
829 1672 887 1715 ita
926 1685 1098 1727 tamen,
1132 1688 1181 1719 ut
1212 1691 1494 1736 nequaquam
1522 1679 1598 1722 in-

206 1738 432 1799 dulgentia
458 1739 628 1784 causam
654 1739 870 1787 leniorem
897 1744 1104 1799 fecerint,
1129 1764 1219 1808 quo
1243 1751 1363 1793 nulla
1380 1750 1499 1795 fraus
1522 1751 1598 1797 fiat

206 1812 390 1855 omnino
443 1813 838 1860 constitutionibus.
909 1818 1124 1880 Adulterij
1180 1822 1448 1869 abominatio
1493 1825 1596 1869 for-

206 1883 315 1928 taffis
338 1886 477 1928 maior
509 1887 591 1930 illis
625 1887 755 1946 quam
790 1890 917 1934 nobis
950 1893 1101 1938 existit.
1139 1895 1248 1939 Illud
1281 1898 1398 1941 enim
1426 1897 1596 1944 summa

205 1959 486 2002 execratione
518 1959 717 2004 detestari
750 1963 794 2005 δι
827 1964 1030 2025 persequi
1062 1966 1216 2013 solent.
1258 1971 1343 2014 Lex
1373 1971 1433 2015 est
1463 1974 1595 2017 etiam

203 2029 355 2084 firma,
389 2044 440 2077 ut
473 2035 669 2091 quandiu
702 2036 770 2079 uir
793 2039 971 2091 uixerit,
995 2039 1121 2085 fimul
1144 2044 1269 2087 alteri
1292 2045 1460 2090 nubere
1484 2063 1596 2092 uxor

204 2119 297 2149 non
320 2105 470 2165 point,
495 2122 538 2153 at
571 2110 654 2153 hoc
688 2110 902 2155 defuneto
927 2114 1119 2172 primum
1150 2119 1280 2162 etiam
1304 2121 1400 2181 lege
1429 2121 1595 2166 libera-

205 2188 299 2230 tur,
334 2179 529 2239 alioquin
564 2182 791 2227 indiuidua
823 2185 1142 2233 consuetudine
1175 2192 1279 2235 uitae
1313 2208 1413 2237 cum
1437 2196 1594 2240 marito

1643 855 1837 880 Matrimonium-
