1958 2605
514 270 557 302 D.
607 269 681 303 10.
730 270 899 303 FABRI
949 270 1263 305 AVTHORE.

190 339 354 384 uesana
386 341 541 385 nostrae
581 342 834 385 Germaniae
874 341 1031 385 cohors
1071 342 1114 386 se
1152 342 1288 387 solam
1328 343 1477 387 deludi
1516 357 1591 389 at-

191 429 278 473 que
302 415 476 458 onerari
501 414 653 466 ducat,
682 413 800 474 quafi
830 414 1032 458 monstris
1054 416 1305 469 monachis,
1338 417 1462 476 plebs
1486 433 1590 462 cer—

191 500 234 532 te
257 488 327 532 dei
351 488 511 533 [61εᾶὶᾶ
534 488 615 540 est,
646 487 792 547 paffim
816 504 896 548 per
919 489 1177 533 uniuersum
1208 507 1307 550 quae
1333 491 1588 545 increbruit,

189 579 322 622 quam
351 562 530 622 quidem
564 562 698 606 hodie
729 564 877 607 mirari
910 562 1075 616 solent,
1108 563 1253 608 nescio
1287 565 1448 625 quibus
1477 581 1589 626 per—

188 634 313 688 suafi,
338 635 458 695 quafi
482 644 600 680 noua
622 635 779 680 faciem
802 656 809 679 ε
836 652 936 680 cum
960 636 1055 680 fere
1078 638 1198 682 nulla
1220 637 1428 698 profeffio
1448 639 1588 683 Chri—

187 709 425 753 stianorum
458 709 509 754 fit
542 711 790 769 antiquior,
830 711 904 754 uel
937 710 1080 754 adhuc
1112 713 1246 772 magis
1281 713 1515 773 Euangelio
1539 729 1587 757 ac

187 783 347 827 cedens
366 819 377 836 ,
417 782 550 843 quam
583 783 710 827 stulta
741 783 973 827 hominum
1006 784 1255 829 nostrorum
1284 787 1434 846 opinio
1454 822 1465 839 ,
1499 802 1587 830 ue-

186 869 389 909 neratur,
429 858 577 917 magni
616 857 795 901 aestimat
836 873 942 918 gens
981 857 1162 903 efferata
1198 859 1317 903 bello
1353 861 1584 913 continuo,
1606 888 1833 922 monasterium„

187 929 231 973 id
275 930 397 989 quod
441 946 522 974 nos
565 930 916 974 abominationes
955 931 1151 975 dicimus.
1184 934 1287 976 Non
1328 934 1485 992 procul
1530 929 1617 977 aba

186 1003 298 1047 urbe
356 1003 579 1048 Moscouia
646 1003 956 1048 monasterium
1015 1005 1075 1048 est
1140 1004 1473 1065 ampliffimum,
1539 1008 1585 1051 in

187 1093 278 1136 quo
319 1079 504 1122 trecenti
543 1077 699 1122 fratres
738 1090 957 1138 perpetuo
996 1078 1091 1122 fere
1130 1079 1209 1123 sub
1249 1081 1399 1141 regula
1438 1082 1585 1141 magni

186 1149 322 1211 Bafilij
364 1151 555 1211 degunt,
596 1152 640 1195 in
675 1167 764 1211 quo
797 1153 929 1196 etiam
964 1151 1247 1212 sepulchrum
1281 1152 1417 1198 sane‘ti
1450 1155 1583 1215 Sergij

186 1223 379 1277 abbatis,
408 1224 529 1284 quod
561 1225 613 1268 ab
654 1226 813 1269 exteris
846 1225 870 1268 e
903 1224 1154 1285 longiffimis
1188 1227 1320 1270 etiam
1352 1228 1462 1287 agris
1487 1227 1586 1272 fre-

186 1310 456 1357 quentatur:
497 1299 647 1343 multis
685 1300 804 1343 enim
841 1300 1058 1344 miraculis
1097 1301 1271 1345 celebre
1306 1300 1475 1345 fadlum
1510 1302 1583 1355 est,

184 1371 532 1416 Christianorum
569 1372 859 1418 admiratione
898 1390 991 1418 non
1033 1390 1190 1434 parum
1234 1374 1386 1435 dignis.
1429 1377 1454 1419 E
1478 1377 1585 1435 qui—

182 1445 265 1490 bus
288 1447 362 1490 uel
389 1447 568 1490 unicum
594 1448 638 1490 in
670 1447 867 1491 medium
899 1449 1123 1508 prolatum
1158 1448 1356 1502 sufficiet,
1381 1451 1583 1494 omnium

183 1519 525 1572 illustriffimum,
550 1521 672 1580 quod
694 1537 858 1581 paucos
882 1535 985 1567 ante
1009 1538 1148 1567 annos
1172 1524 1257 1567 illic
1282 1525 1449 1585 corigit,
1469 1523 1583 1568 duo-

182 1593 265 1637 bus
292 1595 414 1637 caecis
438 1594 572 1654 quide
598 1594 715 1638 uisus
739 1594 928 1640 donatus
956 1596 1026 1640 est.
1055 1597 1173 1640 Cum
1201 1598 1320 1641 enim
1347 1597 1479 1641 abbas
1510 1598 1583 1641 ille

183 1667 373 1719 uiueret,
395 1680 515 1711 tanta
533 1669 636 1712 uitae
655 1668 681 1711 s
677 1667 886 1713 and'titate
904 1671 1065 1722 extitit,
1087 1681 1137 1714 ut
1154 1670 1283 1714 facile
1300 1669 1378 1714 fibi
1395 1670 1583 1730 persua—

184 1739 345 1792 serint,
370 1753 447 1799 atq
469 1740 616 1785 credat
650 1742 735 1785 iam
768 1742 909 1786 multa
941 1742 1083 1802 ipsum
1116 1743 1319 1803 precibus
1347 1743 1432 1788 suis
1466 1743 1584 1803 apud

184 1813 270 1857 deu
303 1812 423 1873 posse
456 1812 651 1867 efficere,
687 1827 765 1874 atq
787 1815 965 1876 cosequi
997 1817 1270 1861 mortalibus.
1307 1816 1444 1876 Ideoq
1477 1833 1583 1861 mo-

184 1893 420 1931 numetum
444 1888 537 1930 eius
561 1888 716 1932 crebro
739 1889 849 1932 mira
871 1896 924 1933 cu
943 1889 1187 1934 deuotione
1210 1890 1409 1943 accedut,
1428 1891 1583 1935 hono—

183 1969 294 2020 ratq.
321 1959 524 2004 Vniuerfi
548 1976 657 2005 uero
683 1974 777 2005 tum
801 1963 1020 2016 monachi,
1047 1976 1141 2008 tum
1159 1965 1351 2026 uirgines
1375 1964 1582 2018 Vestales,

184 2046 410 2094 quotquot
441 2033 544 2078 sunt
570 2035 615 2077 in
637 2035 923 2096 monasterijs,
957 2038 1097 2081 unicae
1131 2038 1295 2098 regulae
1315 2074 1326 2090 ,
1359 2040 1471 2098 uniq
1496 2039 1583 2083 ha-

182 2107 296 2151 bitui
319 2107 519 2167 obnoxij,
547 2109 674 2168 nigro
698 2107 874 2162 scilicet,
902 2109 985 2170 usq
1005 2111 1115 2155 adeo
1140 2111 1342 2172 religiose
1365 2114 1508 2165 uiuut,
1533 2124 1583 2156 ut

183 2185 242 2223 no
265 2181 451 2224 miretur
474 2180 592 2234 solu,
625 2184 825 2226 ueruetia
857 2182 1029 2228 summo
1054 2185 1227 2230 honore
1250 2203 1350 2239 eos,
1383 2186 1583 2247 psequan

186 2265 269 2297 tur.
296 2255 398 2313 Neq
427 2253 524 2314 ipfis
556 2266 643 2298 tam
667 2256 765 2300 uilis
799 2258 910 2301 ratio
934 2259 1030 2302 uoti
1061 2259 1275 2313 habetur,
1301 2261 1428 2305 uelut
1450 2260 1584 2306 hodie

1618 928 1746 959 Ioscouiam
1754 928 1843 961 ffifigne

1609 976 1632 991 m

1634 968 1736 992 traculis
1747 968 1830 1000 sanavi

1675 1007 1762 1039 Set-gij.

1637 2244 1690 2268 Voti
1701 2244 1805 2276 constans

1649 2283 1695 2315 obs
1691 2289 1792 2308 eruatto.
