1958 2605
126 942 307 965 Sam-amentum

185 979 312 1012 charist'iae.

176 1191 319 1224 Baptismus.

668 262 1171 298 MOSCOVITARVM
1220 264 1504 306 REMGM),

383 349 439 377 ex
463 334 737 378 institutione
762 335 974 393 primaeua
997 334 1186 379 ecclefiae
1217 334 1301 379 efle
1334 335 1572 390 affirmant,
1604 339 1667 382 uti
1694 350 1789 382 tra—

384 406 496 451 dunt
530 408 662 450 etiam
698 406 1061 467 Chrysostomus,
1091 408 1265 452 Basilius
1299 426 1507 470 magnus,
1532 426 1579 454 ac
1599 412 1789 471 *Grego-

384 482 472 525 rius
498 481 744 541 theologus.
782 483 886 525 Haec
920 483 1050 543 igitur
1073 481 1156 527 fint
1185 484 1366 527 breuius
1399 483 1514 527 ditsta
1548 483 1681 544 quhm
1714 486 1789 529 uel

383 571 459 616 par
483 554 533 599 fit
562 555 663 598 huic
697 555 901 616 mysterio
923 577 930 599 :
956 573 1089 601 nemo
1114 559 1233 601 enim
1257 556 1385 601 facile
1409 559 1591 618 reperiri
1622 560 1788 619 poterit

384 629 762 681 Christianorum,
803 631 878 689 qui
912 631 1115 674 humanis
1154 632 1386 691 praeconijs
1420 631 1519 675 satis
1558 648 1787 676 commen-

383 703 486 747 dare
509 704 675 763 poterit
701 703 840 747 turbae
864 702 1089 756 fidelium,
1114 704 1224 748 adeb
1248 706 1441 749 multum
1466 707 1675 757 mometi,
1709 721 1788 750 re-

382 777 589 821 miffionis
628 778 842 821 uitiorum
882 794 937 822 ex
980 778 1065 822 hoc
1109 778 1305 838 pendere
1349 781 1508 823 merito
1554 779 1784 824 credimus.

382 853 468 895 Iam
502 866 610 895 uero
645 851 699 895 ad
732 852 901 911 reliqua
933 850 1081 895 salutis
1116 852 1373 896 Christianae
1406 852 1677 897 sacramenta
1699 869 1788 914 pe-

328 925 484 969 ffl-dem
533 924 829 969 conferemus.
889 925 1156 969 Eucharistiae
1213 925 1392 984 quidem
1447 926 1786 979 sacramentum,

383 1006 569 1058 quatum
593 997 690 1058 ipfis
715 1000 760 1042 in
784 998 866 1042 usu
895 998 968 1050 est,
994 1000 1163 1059 popuio
1192 998 1477 1055 administrari
1504 999 1630 1052 solet,
1666 1012 1787 1044 tem—

382 1088 492 1133 pore
517 1088 607 1132 quo
633 1072 829 1117 Christus
863 1072 952 1132 ipse
989 1073 1194 1125 instituit,
1228 1072 1273 1116 ὃς
1302 1073 1404 1116 dein
1428 1071 1615 1132 sequuta
1639 1074 1787 1118 eccle—

382 1145 454 1198 fia,
474 1145 629 1206 pascali
654 1144 829 1198 scilicet,
849 1147 931 1190 alia
956 1158 1103 1190 tamen
1128 1145 1238 1190 serie
1262 1146 1409 1190 forsan
1433 1162 1565 1206 quam
1589 1148 1788 1190 Romana

383 1218 562 1264 ecclesia
583 1218 714 1264 faciat
738 1232 872 1279 atque
896 1219 1155 1264 decreuerit.
1187 1219 1457 1280 Baptismum
1482 1236 1564 1280 pro
1595 1220 1787 1264 sacrame

385 1305 430 1338 to
463 1294 632 1353 primo,
667 1292 870 1353 adebque
911 1294 1151 1353 praecipuo
1171 1293 1364 1346 ducunt,
1397 1306 1671 1353 quapropter
1701 1294 1786 1338 hoc

382 1365 413 1410 fi
437 1365 670 1427 quisquam
703 1367 969 1427 neglexerit,
998 1366 1302 1426 deriseritque‚
1336 1368 1490 1411 mortis
1513 1382 1647 1427 poena
1669 1365 1786 1410 affli-

384 1442 514 1502 gitur.
541 1441 769 1501 Baptizant
800 1442 949 1500 itaque
982 1456 1144 1500 pueros
1176 1441 1221 1483 in
1254 1441 1436 1484 nomine
1460 1441 1594 1500 patris
1627 1440 1672 1484 &
1706 1439 1783 1501 filij

385 1516 431 1559 ἅ
460 1513 634 1574 spiritus
658 1513 806 1558 sancf’ti.
837 1516 951 1558 Huic
984 1516 1158 1558 muneri
1189 1513 1446 1576 fungendo,
1479 1530 1702 1574 quaecunq
1730 1529 1786 1558 ne

385 1587 548 1632 ceffitas
572 1587 792 1640 inciderit,
827 1603 959 1632 nemo
987 1587 1220 1631 hominum
1251 1586 1449 1631 sufficere
1472 1600 1678 1647 putatur,
1709 1585 1786 1630 nis1

385 1661 585 1705 sacerdos
625 1662 833 1705 extiterit.
876 1662 994 1704 Prius
1032 1676 1143 1705 uero
1182 1660 1315 1720 quem
1347 1659 1589 1720 baptismus
1622 1659 1787 1704 admini

385 1735 543 1779 stretur
566 1735 789 1779 orationes
812 1733 927 1778 fiunt
949 1733 1209 1794 frequentes
1232 1749 1279 1778 ac
1312 1733 1489 1778 deuotae
1523 1733 1547 1777 ἒῑ
1578 1732 1786 1777 sacerdo—

388 1822 446 1861 te,
465 1808 489 1853 ὲ
506 1808 777 1869 parentibus,
804 1807 829 1851 ὲ
849 1808 1047 1868 patrinis,
1071 1807 1094 1851 ὲ
1110 1808 1340 1868 proximis,
1360 1807 1413 1850 ab
1431 1807 1594 1859 amicis,
1614 1807 1659 1850 Sc
1680 1807 1787 1866 qui-
1816 1858 1819 1859 ⁷

387 1899 565 1942 cunque
598 1882 734 1942 deniq
769 1881 950 1934 adsunt,
984 1898 1074 1942 quo
1106 1881 1213 1926 deus
1238 1882 1431 1941 optimus
1456 1881 1671 1924 maximus
1695 1879 1787 1924 sese

388 1958 412 2002 ὲ
446 1958 560 2001 coelo
594 1972 672 2017 per
706 1956 1030 2016 plenitudinem
1065 1957 1214 2016 gratiae
1238 1954 1326 1999 suae
1350 1970 1491 2014 puero
1524 1970 1603 2014 per
1626 1955 1787 1998 uniuer

388 2032 483 2076 sum
523 2032 627 2075 uitae
668 2029 757 2074 suae
796 2030 1062 2073 curriculum
1108 2028 1288 2073 affistere
1332 2028 1550 2088 dignetur.
1609 2028 1786 2086 Qibus

388 2118 506 2150 certe
529 2104 731 2164 precibus
755 2103 809 2147 ad
835 2102 968 2147 deum
995 2101 1119 2154 fufis,
1145 2103 1189 2145 in
1214 2100 1404 2153 ecclefia‚
1429 2101 1482 2145 ad
1506 2100 1626 2160 quod
1650 2116 1786 2160 pera—

390 2178 584 2240 gendum
614 2178 701 2221 illic
731 2176 1032 2236 baptisterium
1065 2175 1317 2219 ordinatum
1351 2174 1437 2219 est:
1474 2186 1551 2218 aut
1584 2186 1786 2234 tempore

388 2253 603 2304 brumali,
636 2250 877 2295 molestiam
901 2249 1074 2311 frigoris
1100 2248 1346 2310 fugientes,
1371 2249 1415 2293 in
1437 2250 1537 2292 loco
1562 2247 1786 2292 secretiori

1674 2336 1785 2381 puer
