1958 2605
546 307 589 340 D.
638 307 712 340 IO.
762 306 927 339 FABRI
972 303 1276 338 AVTHORE.

212 379 455 424 cordentur
495 378 714 422 uniuersae
751 379 855 421 uitae
895 377 1050 420 nostrae
1086 376 1302 436 exempli,
1341 373 1514 418 Christi.
1555 374 1616 416 At

213 453 336 513 quod
365 453 388 496 e
413 453 686 512 caeremonijs
714 452 787 504 est,
817 457 1009 495 comune
1031 451 1199 494 habent
1221 447 1450 493 nobiscum
1470 446 1614 499 usum,

214 528 260 570 in
284 526 412 570 sacris
437 526 719 569 candelarum
741 545 748 567 :
775 525 988 584 quoniam
1022 539 1122 567 cera
1154 520 1466 583 opulentiffimi
1499 520 1614 572 sunt,

216 599 421 658 frugibus
454 614 564 642 uero
590 610 717 642 terrae
733 633 744 650 ‚
770 599 815 641 ὁὶ
851 598 899 657 ijs
934 597 1156 648 omnibus,
1182 613 1281 656 quae
1305 612 1360 639 ex
1382 594 1618 638 substantia

215 672 318 716 sunt
342 673 550 723 alicuius,
575 671 881 714 uenerandum
914 671 1084 715 ducunt
1116 671 1262 714 deum.
1290 686 1388 730 quae
1423 668 1616 712 candelae

218 758 323 790 tunc
351 744 619 805 potiffimum
645 745 930 796 acceduntur,
955 744 1133 804 quando
1170 746 1305 788 totius
1337 743 1618 802 redemptio—

216 820 281 862 nis
315 819 471 862 nostrae
506 818 759 878 mysterium
802 820 998 878 corporis
1032 818 1078 862 ἅ
1111 817 1331 878 sanguinis
1370 816 1539 860 domini
1573 817 1618 859 in

214 891 335 936 mifla
368 892 391 935 a
424 891 650 935 sacerdote
684 891 999 935 contrectatur.
1025 893 1072 935 In
1096 907 1261 951 organa
1294 906 1402 934 uero
1431 891 1504 933 illa
1528 890 1619 949 Pipi

216 967 360 1017 mana,
380 982 480 1025 quae
506 979 652 1010 tamen
677 966 803 1009 nobis
826 967 969 1025 primo
989 966 1013 1009 e
1032 967 1205 1009 Graecia
1232 965 1333 1008 sunt
1356 963 1489 1016 missa,
1510 964 1619 1007 nul—

215 1041 281 1084 los
306 1041 491 1084 omnino
517 1039 718 1099 sumptus
737 1039 920 1091 faciunt,
939 1056 1031 1099 neq
1047 1038 1259 1083 haf’tenus
1283 1037 1358 1082 ufi.

281 1115 440 1173 Neque
474 1113 583 1156 illud
618 1113 751 1172 quide
785 1115 968 1164 minori,
1003 1113 1136 1172 quam
1170 1113 1340 1171 reliqua
1362 1128 1461 1171 quae
1486 1127 1620 1172 egre-

219 1188 288 1247 gie
311 1186 496 1239 faciunt‚
522 1188 622 1230 loco
646 1187 900 1230 habendum
926 1188 1023 1239 erit,
1053 1186 1176 1246 quod
1198 1187 1441 1246 plurimum
1461 1192 1619 1229 comen

219 1259 344 1304 datos
366 1260 533 1304 habent
565 1275 806 1320 pauperes,
842 1260 1001 1320 quibus
1035 1260 1166 1319 quisq
1188 1275 1269 1319 pro
1293 1259 1369 1303 sua
1391 1258 1618 1311 facultate,

219 1346 297 1393 atq
319 1347 538 1393 quantum
562 1334 780 1393 Euangelij
807 1335 946 1393 pietas
969 1332 1171 1385 consulit,
1197 1334 1383 1393 exponit
1417 1333 1620 1376 eleemo-

219 1406 362 1466 synas,
380 1406 523 1459 uestit,
545 1419 685 1466 potat,
704 1406 855 1466 pascit,
873 1406 1068 1466 hospites
1086 1407 1267 1467 colligit,
1282 1407 1329 1450 ἅ
1347 1407 1517 1466 reliqua
1534 1407 1622 1467 agit

219 1479 499 1533 huiusmodi,
535 1481 695 1540 quibus
718 1480 832 1525 filios
856 1481 926 1524 dei
951 1482 995 1524 in
1017 1482 1110 1524 uita
1132 1480 1383 1540 prouehere
1410 1481 1565 1540 potest,
1591 1482 1623 1524 ti

220 1570 346 1598 mens
379 1570 435 1598 ne
460 1570 550 1614 quo
577 1567 664 1598 tam
687 1554 898 1599 horrendi
932 1555 1078 1615 iudicij
1109 1570 1207 1598 reus
1234 1554 1329 1607 fiat,
1358 1555 1479 1614 quod
1513 1554 1622 1598 Chri

220 1628 306 1672 stus
329 1627 525 1672 ditsturus
549 1628 608 1672 est
634 1629 680 1672 in
704 1630 820 1673 ualle
845 1628 1045 1689 Iosaphat
1071 1628 1213 1672 hoedis
1229 1664 1240 1681 ‚
1264 1628 1493 1688 postquam
1520 1629 1623 1689 sepa

222 1702 388 1745 fauerit
411 1702 465 1745 ab
484 1702 643 1745 ouibus
666 1722 673 1745 :
696 1701 919 1747 Discedite
943 1703 966 1746 a
985 1718 1056 1746 me
1078 1701 1301 1745 malediffi'ti
1324 1703 1368 1746 in
1392 1703 1493 1763 igne
1517 1715 1623 1746 aeter

222 1791 356 1828 num,
390 1776 466 1835 qui
499 1787 675 1835 paratus
708 1775 767 1819 est
800 1775 978 1820 diabolo
1014 1776 1060 1819 ὃς
1095 1777 1256 1836 angelis
1291 1777 1416 1819 eius:
1458 1775 1623 1820 Esuriui

224 1850 358 1901 enim,
384 1850 430 1893 ἅ
454 1865 545 1893 non
569 1849 739 1893 dedistis
763 1849 872 1893 mihi
894 1849 1161 1894 manducare
1182 1870 1189 1892 :
1219 1849 1353 1902 fitiui‚
1383 1850 1428 1893 ἃ
1453 1857 1512 1894 no
1536 1850 1622 1895 de—

224 1921 338 1966 distis
371 1922 480 1966 mihi
512 1934 673 1982 potum
694 1922 882 1983 :hospes
915 1938 1050 1975 eram,
1078 1924 1125 1967 ὃς
1149 1939 1239 1967 non
1263 1924 1490 1984 collegistis
1518 1940 1619 1968 me:

224 1996 394 2049 nudus,
417 1995 464 2041 &
488 2013 579 2040 non
604 1996 831 2057 operuistis
865 2013 949 2041 me.
987 1997 1201 2056 Qandiu
1232 1998 1351 2041 enim
1384 2004 1442 2041 no
1466 1997 1621 2042 fecistis

224 2071 303 2114 uni
326 2069 382 2114 de
403 2070 649 2114 minoribus
673 2070 780 2122 istis,
813 2086 894 2114 nec
924 2071 1032 2114 mihi
1068 2070 1237 2115 fecistis.
1271 2072 1368 2131 Sicq
1389 2077 1448 2115 no
1476 2087 1619 2131 parce,

225 2142 301 2187 sed
322 2143 511 2187 libenter
535 2159 582 2187 ac
605 2143 797 2204 benigne
819 2143 1046 2204 largiendo
1077 2143 1274 2188 semente
1306 2143 1476 2189 faciunt
1498 2146 1622 2205 poeni

228 2218 403 2269 tentiae,
428 2217 617 2268 ieiunio,
652 2217 984 2276 orationibusq‚
1012 2233 1059 2261 ac
1082 2218 1260 2277 reliquis
1285 2218 1445 2277 quibus
1467 2220 1622 2278 poeni—

229 2292 413 2335 tentiam
441 2289 735 2334 consummari
762 2289 955 2343 uidetur,
980 2302 1031 2334 ut
1058 2291 1104 2334 ὃς
1127 2291 1331 2351 aliquado
1351 2291 1527 2351 copiose
1550 2308 1624 2337 me

1359 2366 1401 2407 D
1441 2380 1457 2423 3
