1958 2605
111 1919 302 1951 Con-firmationis

101 1958 295 1990 sacramentum.

621 275 1155 309 MOSCOVITARVM
1196 275 1479 319 RELIGIO,

352 347 466 390 rium
492 346 774 398 admittetur,
810 346 976 391 etiamsl
1008 349 1158 392 multis
1190 348 1384 392 millibus
1407 364 1645 393 aureorum
1668 351 1752 396 hoc

352 419 562 480 consequi
590 420 891 479 praesumeret.
930 421 974 464 Id
1009 433 1156 466 tamen
1180 438 1272 466 non
1307 422 1511 483 negabat,
1544 424 1752 468 Tartaros

349 493 428 538 fibi
454 495 647 538 multum
671 493 934 553 persuadere
966 495 990 538 ὲ
1020 497 1263 555 praeputio,
1300 495 1409 556 eosq
1432 512 1586 540 omnes
1613 497 1751 540 circu-

350 567 433 612 cidi
466 583 546 627 pro
580 568 678 611 labe
712 567 931 612 abluenda
963 570 1125 613 ueteris
1155 569 1288 622 Adae,
1323 570 1595 630 contagionis
1623 570 1753 614 instar

351 640 577 685 contracta
598 661 605 683 :
643 642 686 683 in
720 641 804 685 hoc
827 642 1164 686 Mahomaticam
1188 643 1331 704 legem
1358 642 1591 703 sequutus,
1617 659 1750 703 quam

350 716 574 759 Mahomet
609 714 814 768 instituit,
848 728 897 759 ut
929 715 1069 760 statim
1102 716 1235 775 quam
1269 717 1482 776 plurimos
1510 716 1588 760 fibi
1620 733 1751 762 com-

349 802 523 850 pararet
546 789 774 849 sequaces,
808 805 909 833 curn
932 805 1098 850 pronos
1122 806 1169 834 ac
1195 791 1441 835 beneuolos
1469 791 1522 834 ad
1550 807 1645 835 eam
1670 790 1751 835 su-

347 864 611 925 scipiendam
651 863 819 908 faceret
857 863 1038 907 Iudaeos.
1082 865 1231 923 Qlam
1265 879 1358 908 rem
1392 863 1545 909 sedulo
1585 864 1750 909 affirma

347 939 455 983 bant
477 938 530 982 ab
555 939 614 982 eis
638 938 795 998 procul
827 936 992 989 abeffe,
1021 938 1164 997 nihilq
1187 938 1309 997 quod
1333 945 1392 982 no
1416 955 1471 983 ex
1494 940 1616 983 omni
1640 955 1749 999 par-

349 1025 391 1056 te
424 1013 694 1073 Euangelicae
735 1012 936 1063 ueritati,
982 1011 1245 1055 orthodoxae
1277 1011 1404 1064 fidei,
1443 1012 1581 1072 huicq
1614 1029 1747 1072 quarn

349 1097 415 1129 tot
433 1084 612 1138 seculis,
641 1086 972 1137 intemeratam,
1000 1086 1304 1145 impollutam,
1333 1084 1523 1130 sanctam
1543 1087 1748 1130 retinue—

347 1160 453 1211 rint,
478 1158 661 1204 cosonet
685 1159 965 1219 redoleretq,
991 1159 1112 1219 quod
1136 1159 1189 1203 ab
1214 1159 1352 1203 ubere
1375 1158 1469 1219 ipso
1496 1160 1644 1204 tenelli
1667 1158 1748 1203 su—

345 1231 525 1285 xissent,
550 1233 798 1277 admittere.
826 1233 914 1276 Cui
940 1231 970 1276 fi
995 1232 1101 1292 quid
1124 1234 1396 1277 contrarium
1420 1232 1644 1286 inciderit,
1668 1248 1748 1293 per

345 1307 531 1352 haereses
563 1307 653 1351 sese
688 1307 915 1352 intrudere
938 1308 1148 1367 coeperit,
1181 1308 1398 1367 principio
1434 1307 1568 1367 quide
1591 1307 1746 1360 obstat,

345 1394 585 1441 antequam
609 1382 735 1426 uelut
752 1397 907 1425 cancer
925 1382 1052 1425 latius
1076 1380 1235 1440 serpat,
1255 1381 1387 1440 quam
1411 1380 1617 1425 eradicari
1634 1380 1746 1440 pos-

344 1454 418 1509 fit,
452 1456 590 1499 statim
623 1454 867 1515 pontificali
894 1453 1099 1506 censura,
1124 1453 1244 1514 quafi
1266 1455 1471 1498 mebrum
1499 1454 1744 1514 putridum,

344 1528 543 1574 resecant
576 1545 623 1572 ac
658 1530 890 1589 reijciunt:
933 1528 1091 1572 Christi
1138 1527 1451 1588 profeffionem
1488 1544 1536 1572 ac
1569 1543 1744 1573 crucem

345 1603 437 1647 eius
478 1618 711 1661 nunquam
754 1601 798 1646 se
843 1600 1124 1662 neglecturos
1166 1601 1411 1646 constanter
1462 1600 1744 1654 affirmantes,

343 1691 491 1736 neque
524 1691 722 1735 unquam
762 1675 1021 1719 idololatriae
1061 1674 1281 1719 obnoxios
1320 1674 1509 1719 futuros.
1552 1673 1638 1719 Efle
1672 1687 1745 1719 ta·-

342 1765 446 1794 men
479 1747 716 1809 plerosque
750 1750 794 1792 in
828 1747 990 1808 syluis,
1024 1749 1198 1809 longius
1232 1748 1256 1792 ὲ
1288 1747 1628 1793 conuersatione
1659 1749 1744 1793 ho—

340 1824 528 1875 minurn,
554 1823 630 1882 qui
654 1820 760 1866 facti
784 1821 887 1866 sunt
910 1821 1170 1866 idololatrae.

404 1898 522 1941 Cum
548 1911 658 1940 uero
682 1897 766 1940 iam
794 1895 969 1939 adultus
993 1895 1053 1939 est
1076 1910 1202 1955 puer,
1228 1895 1276 1938 ἃ
1297 1894 1542 1954 perfectam
1566 1907 1741 1939 aetatem

341 1969 663 2030 consequutus,
691 1970 751 2014 ita
786 1982 834 2013 ut
857 1967 946 2012 suae
968 1967 1071 2012 fidei
1095 1967 1350 2011 Christianae
1385 1967 1630 2012 testimonia
1662 1967 1741 2012 red

342 2044 446 2089 dere
479 2044 645 2104 potest,
686 2042 739 2086 ad
772 2041 1030 2102 episcopum
1063 2041 1265 2093 ducitur,
1305 2053 1355 2085 ut
1393 2039 1741 2085 confirmationis

340 2118 594 2163 huiusmodi
615 2116 719 2160 fidei
736 2115 1058 2160 sacramentum
1082 2115 1276 2174 recipiat,
1301 2113 1423 2174 quod
1441 2114 1488 2158 &
1511 2113 1741 2158 chrismate

339 2195 386 2238 in
429 2192 579 2237 fronte
622 2207 701 2252 per
734 2190 904 2252 fignum
943 2190 1080 2234 crucis
1124 2189 1364 2233 confertur.
1411 2187 1740 2233 Administratio

340 2283 449 2312 uero
473 2265 726 2310 huiusmodi
749 2264 1007 2309 sacramenti
1031 2263 1140 2308 nulli
1173 2261 1369 2307 concessa
1392 2261 1470 2306 nisi
1493 2260 1707 2322 episcopis
1728 2281 1736 2304 :

1644 2350 1735 2395 quo
