1958 2605
138 879 252 905 Nemora.

91 920 157 943 Ferae
177 919 293 943 coloribus

72 968 126 984 cum
136 959 219 992 nostris
232 958 315 991 dtspa-

170 1008 217 1023 res.

601 250 1140 285 MOSCOVITARVM
1180 251 1464 294 REL1G10,

333 323 413 376 rit,
438 323 524 367 hoc
548 331 672 367 certsl
696 323 811 376 esto,
837 324 1057 377 Bohemis,
1084 325 1280 377 Croatis,
1309 325 1545 378 Dalmatis,
1565 326 1612 370 ὃς
1635 327 1741 371 Mo-

332 395 508 441 scouitis
532 398 681 457 lingua
715 399 984 451 conuenire,
1019 397 1062 441 id
1087 398 1209 458 quod
1239 399 1262 442 e
1288 400 1372 443 tuis
1407 400 1738 459 interpretibus,

333 486 445 530 quos
470 472 513 514 in
541 472 640 515 aula
671 483 816 515 tecum
840 471 1053 525 fouebas,
1087 485 1316 533 quotquot
1339 489 1537 526 eramus,
1572 473 1754 534 depre—.

331 545 580 589 hendimus.
624 547 737 589 Nam
777 562 878 590 cum
914 547 960 591 Sc
996 548 1058 590 illi
1095 548 1360 607 interpretes
1399 549 1515 592 inter
1548 548 1739 593 Croatos

333 620 379 664 ἃ
413 621 640 664 Dalmatas
673 622 765 665 nati
798 620 958 674 estem,
1004 623 1186 682 nullusq
1219 639 1418 683 unquam
1451 623 1631 667 illorum
1665 624 1739 667 uel

330 693 594 739 Moscouitas
622 694 874 748 acceflerat,
909 696 984 740 uel
1016 710 1213 741 moratus
1248 713 1348 741 curn
1374 698 1433 741 eis
1457 696 1628 750 fuerat,
1653 697 1738 741 ad-

329 769 416 813 huc
452 782 600 814 tamen
636 782 741 814 tunc
773 769 1013 830 praesentes
1037 770 1176 814 uerba
1199 772 1377 815 illorum
1402 771 1738 831 deprehendere

330 856 553 903 poterant.
596 845 707 888 Sunt
744 845 877 888 etiam
920 845 965 887 in
1001 843 1225 888 Moscouia
1258 861 1441 888 nemora
1473 846 1596 889 mirae
1635 861 1739 889 ma—

331 917 573 979 gnitudinis
589 955 600 971 ,
637 919 682 961 in
706 918 868 978 quibus
891 918 1050 978 uulpes
1074 919 1210 979 nigri,
1237 918 1283 961 ἃ
1314 917 1397 961 urfi
1421 919 1507 962 albi
1531 927 1735 963 uenatus.

330 993 390 1037 ita
422 993 695 1037 monumetis
726 993 848 1052 prius
881 991 1113 1045 admoniti,
1145 1008 1264 1036 nunc
1297 1007 1406 1036 uero
1441 992 1622 1036 demum
1661 994 1738 1037 in·—

331 1079 526 1127 terprete
559 1068 758 1111 Oratoru
786 1065 946 1110 edocii.
980 1068 1072 1110 Nec
1095 1067 1259 1110 mirum
1286 1064 1497 1118 fortaffis,
1530 1067 1576 1110 in
1599 1065 1739 1111 caussa

331 1142 450 1185 enirn
490 1140 619 1185 facile
657 1140 796 1186 fuerit
838 1142 1027 1185 nimium
1066 1140 1177 1184 illud
1219 1141 1540 1200 Septentrionis
1582 1139 1737 1202 frigus,

331 1215 452 1275 quod
481 1214 656 1276 semper
679 1228 821 1260 mater
853 1215 913 1259 est
943 1214 1182 1267 albedinis,
1219 1215 1286 1259 uti
1316 1214 1599 1275 philosophia
1621 1231 1739 1259 con—

329 1289 420 1334 stat.
447 1291 623 1334 Viuunt
656 1302 807 1334 autem
831 1290 877 1333 in
910 1288 1043 1350 syluis
1081 1290 1227 1350 pleriq
1266 1290 1580 1334 uenationibus
1612 1289 1739 1334 fera-

286 1415 290 1418 ,
329 1379 429 1407 rum
473 1363 716 1408 admodum
755 1362 909 1408 sedulo
950 1364 1271 1408 incumbentes.
1325 1363 1505 1408 Habent
1548 1365 1594 1407 ὃς
1633 1379 1736 1423 apes

309 1435 724 1498 'frequentiffimas,
758 1437 782 1482 a
815 1438 975 1497 quibus
1003 1439 1092 1482 mel
1121 1438 1167 1482 ὃ(
1191 1453 1335 1482 ceram
1359 1453 1461 1481 cum
1485 1438 1612 1497 copia
1636 1438 1736 1481 col—

329 1512 499 1573 ligunt,
524 1528 624 1571 quae
650 1523 799 1556 tamen
823 1510 942 1571 apud
974 1511 1072 1555 illos
1103 1510 1338 1556 mediocris
1368 1510 1610 1554 admodum
1635 1509 1737 1554 sunt

329 1587 477 1647 precij.
514 1587 634 1630 Cum
658 1601 768 1630 uero
791 1585 898 1629 belli
924 1584 1181 1646 frequentia
1213 1597 1374 1630 terram
1399 1601 1556 1629 eorum
1588 1585 1737 1628 incul-

249 1688 277 1704 εν
332 1674 420 1706 tarn
449 1676 497 1705 ac
521 1659 770 1722 neglecstam
793 1659 944 1713 faciat,
970 1661 1075 1704 uitae
1098 1659 1188 1704 suae
1218 1657 1453 1703 neceflaria
1475 1665 1535 1703 no
1559 1659 1737 1703 aliunde

330 1737 491 1797 magis,
521 1735 655 1796 quam
680 1735 704 1778 e
727 1735 916 1796 pellibus
950 1735 1211 1795 quaeritant,
1245 1733 1299 1778 ad
1331 1750 1437 1794 quas
1468 1748 1738 1794 comparan—

330 1810 403 1854 das
437 1822 706 1854 mercatores
741 1821 835 1853 tum
876 1809 900 1853 e
944 1808 1118 1862 nostris,
1151 1820 1247 1853 turn
1286 1808 1310 1852 ὲ
1348 1807 1737 1870 longinquioribus

330 1885 522 1928 ueniunt
544 1883 824 1945 regionibus,
858 1899 910 1927 ea
943 1882 1004 1927 est
1032 1883 1211 1927 illorum
1245 1882 1481 1926 nobilitas:
1517 1883 1593 1942 qui
1616 1897 1738 1941 nanq

332 1957 582 2002 nobiliffimi
615 1956 716 2002 sunt
747 1956 865 2017 apud
897 1973 1002 2009 nos,
1036 1956 1090 2000 ab
1124 1956 1206 2000 illis
1239 1956 1367 2000 nobis
1398 1971 1734 2016 comparamus:

332 2032 474 2076 ueluti
506 2030 633 2084 sunt,
666 2031 804 2090 pelles
837 2030 1074 2082 Zobolini,
1112 2030 1347 2090 Martyres,
1381 2030 1656 2081 Hermelini,
1690 2028 1737 2073 &

331 2106 398 2150 his
424 2104 596 2150 slmiles.
631 2105 822 2165 Simplici
853 2104 1096 2149 uerborum
1130 2102 1241 2156 fide,
1275 2119 1368 2147 non
1401 2104 1544 2165 longis
1577 2103 1737 2147 amba-

333 2180 460 2241 gibus
492 2179 788 2232 contrahunt,
826 2194 1020 2222 mercem
1053 2193 1134 2238 pro
1167 2193 1327 2221 merce.
1363 2178 1582 2238 Qamuis
1617 2177 1737 2221 enim

333 2271 573 2300 aureorum
607 2255 653 2299 ἅ
691 2266 1006 2315 argenteorum
1039 2252 1358 2298 numismatum
1397 2251 1495 2313 ipfis
1528 2251 1575 2297 ἃ
1613 2252 1738 2296 mul-

1668 2339 1736 2371 tus
