1958 2605
476 248 1210 285 D.10.FABR1AVTHORE.

146 323 343 376 uidetur,
377 323 662 381 deuotionisq
693 321 894 381 spiritum
918 335 1107 380 augere:
1140 332 1190 364 ut
1217 335 1317 363 cum
1342 318 1540 363 sacerdos

147 397 298 441 diuina
320 397 619 440 celebraturus
638 395 719 446 est,
744 389 789 437 in
812 395 1018 454 coniugio
1044 393 1325 445 constitutus,
1348 393 1540 437 maxime'

147 486 235 530 que
273 471 317 513 in
346 468 461 512 Mifla
493 466 753 512 celebranda
790 466 1017 510 obseruari
1049 465 1184 518 solet,
1218 467 1401 510 minime
1434 465 1541 525 phas

147 542 231 587 esse
253 554 426 602 putant,
446 540 710 600 praecedenti
735 538 866 583 n06¹te
890 555 991 583 cum
1012 555 1151 583 uxore
1175 539 1368 583 dormire
1389 559 1396 582 :
1422 539 1541 598 peri-

147 617 296 659 culum
319 616 437 658 enim
461 615 546 657 illic
571 612 655 657 esse
679 620 874 664 ueretur,
899 612 928 655 fi
953 629 1044 656 non
1067 628 1166 656 cum
1189 624 1370 672 peccato
1390 611 1432 655 id
1449 611 1536 655 fiat.

145 687 248 732 Ideo
283 703 464 747 quoque
496 702 577 747 pro
611 687 798 746 pleniori
823 687 1072 730 reuerentia
1096 684 1227 729 nocste
1261 685 1464 744 sequenti
1487 685 1541 728 ab

146 761 360 806 uxoribus
392 776 573 820 quoque
608 759 834 803 abstinent.
877 760 929 802 Ea
961 758 1019 802 est
1052 760 1095 802 in
1129 758 1193 802 his
1218 758 1397 818 quidem
1432 760 1542 803 tanti

148 835 344 894 corporis
368 834 413 877 ἃ
439 833 658 893 sanguinis
683 832 870 892 mysteri]
897 832 1170 884 reuerentia,
1194 832 1226 875 is
1251 832 1419 883 cultus,
1448 831 1542 876 haec

147 905 322 966 spiritus
349 905 581 966 persuafio.
618 905 807 949 Videant
832 906 963 965 igitur
990 920 1107 948 nunc
1132 905 1264 948 nostri
1299 904 1430 964 quam
1466 906 1542 964 pol

146 980 249 1023 lutis
298 979 498 1023 manibus
544 979 628 1022 hoc
677 977 996 1022 sacrosanctum
1051 977 1327 1037 mysterium,
1382 979 1541 1038 pignus

148 1053 291 1096 omnis
334 1052 650 1111 redemptionis
695 1051 875 1103 nostrae,
924 1050 1106 1094 traGtare
1146 1050 1326 1095 soleant.
1378 1052 1542 1096 Moue-

148 1138 216 1170 ret
250 1127 440 1186 optarim
473 1126 546 1169 uel
579 1126 759 1168 unicum
792 1124 974 1167 Dauidis
1007 1125 1263 1183 exemplum
1293 1144 1301 1167 ε
1331 1126 1407 1184 qui
1440 1141 1541 1169 cum

150 1210 351 1243 extremo
375 1200 460 1243 iam
493 1198 588 1242 fere
620 1199 786 1242 ieiunio
811 1198 1050 1249 laboraret,
1075 1214 1166 1242 non
1195 1212 1342 1242 tamen
1366 1214 1541 1258 propo-

150 1270 311 1316 fitionis
340 1288 474 1332 panes
497 1272 550 1315 ab
574 1271 830 1315 Abimelech
857 1270 1125 1324 obtinuisset,
1153 1271 1231 1315 nifi
1254 1271 1345 1331 ipse
1373 1272 1418 1315 δι
1442 1272 1541 1316 ser-

148 1345 194 1388 ui
232 1346 324 1389 eius
357 1345 410 1388 ab
448 1345 543 1388 heri
577 1346 622 1388 ἅ
655 1344 968 1389 nudiustertius
1007 1345 1060 1388 ab
1094 1345 1306 1388 uxoribus
1341 1357 1417 1389 aut
1449 1346 1540 1405 alijs

145 1417 269 1461 mndi
286 1416 476 1462 fuissent.
503 1419 597 1461 Cur
620 1419 752 1478 igitur
777 1434 867 1462 non
892 1418 1129 1462 mundiciei
1152 1420 1225 1462 ille
1248 1435 1430 1478 quoque
1454 1419 1541 1462 stu-

148 1489 273 1534 deret
295 1492 454 1551 magis‚
479 1492 555 1550 qui
578 1491 681 1534 uasa
704 1491 895 1543 domini,
930 1492 1019 1535 imo
1047 1490 1188 1551 ipsum
1218 1491 1402 1535 dominu
1425 1491 1542 1535 admi

147 1562 402 1607 nistraturus
427 1563 508 1615 est,
543 1564 589 1608 ὃς
612 1564 814 1607 manibus
848 1563 1232 1608 contretqaturus?
1266 1564 1326 1607 Est
1349 1565 1391 1608 ἃ
1423 1564 1541 1607 aliud

149 1634 341 1679 officium
374 1635 649 1681 sacerdotum
682 1639 978 1697 praecipuum,
1014 1650 1062 1681 ut
1093 1639 1376 1698 Euangelium
1401 1638 1541 1681 Chri-
1573 1656 1691 1679 :mm
1732 1666 1783 1685 ιω,

149 1708 198 1752 sti
213 1710 383 1768 populo
401 1711 685 1762 annuncient,
704 1710 888 1754 salutem
914 1711 1073 1754 scilicet
1092 1712 1138 1754 ἃ
1157 1727 1331 1770 pacem:
1353 1711 1395 1754 id
1420 1711 1541 1770 quod
1554 1704 1643 1758 (⁰
1683 1744 1709 1759 a,
1741 1706 1782 1759 ᾗ]

148 1779 243 1825 fieri
275 1780 507 1826 consueuit
549 1783 683 1842 ubiq,
717 1783 922 1826 omnibus
956 1783 1109 1827 diebus
1141 1783 1395 1836 dominicis,
1425 1783 1540 1827 festis
1567 1783 1619 1836 '⁷¹22’

134 1848 332 1914 xquoque
359 1854 474 1898 diuae
507 1857 684 1916 uirginis
716 1856 885 1908 Mariae,
918 1856 1215 1915 apostolorum
1250 1858 1354 1900 item
1379 1855 1425 1900 &
1449 1872 1539 1916 quo

150 1926 335 1971 rundam
374 1926 695 1980 confessorum,
743 1927 1091 1988 martyrumque.
1155 1929 1351 1972 Verbum
1391 1942 1539 1973 autem

149 1999 319 2043 domini
352 2001 445 2059 pari
477 2000 718 2044 deuotione
751 2001 797 2044 ὃς
836 2001 1098 2061 praedicatur
1133 2003 1179 2045 ἅ
1212 2001 1399 2046 auditur.
1443 2003 1540 2046 Ma-

149 2088 236 2132 gna
257 2089 439 2133 quoque
471 2074 529 2118 est
561 2074 642 2117 illis
675 2076 925 2119 reuerentia
958 2076 1137 2136 uirginis
1171 2076 1339 2127 Mariae‚
1379 2076 1539 2119 crebris

151 2145 330 2204 quidem
354 2147 651 2199 orationibus,
684 2149 823 2191 ueluti
857 2148 1016 2192 Christi
1048 2161 1187 2192 mater
1216 2164 1298 2208 pro
1322 2148 1540 2193 interces—

148 2216 269 2262 fione
291 2219 408 2278 apud
429 2218 570 2263 filium
593 2232 784 2281 rogatur.
820 2221 937 2265 Vere
969 2223 1087 2266 enim
1116 2237 1167 2266 ea
1198 2235 1405 2282 putatur,
1438 2238 1538 2266 cum

1342 2295 1382 2339 C
