1958 2605
551 292 594 325 D.
635 290 707 324 10.
748 290 928 323 FABRI
964 286 1288 322 AVTHORE.

219 364 329 408 bent
358 363 645 407 constitutum
666 383 674 406 z
701 362 939 422 quotannis
963 361 1082 404 enim
1106 359 1276 420 paschae
1298 357 1409 402 festo
1433 373 1515 418 pro
1540 372 1620 400 ec—

222 436 446 482 clefiastica
484 437 764 481 ordinatione
802 435 948 479 facere
988 447 1209 496 coguntur
1239 454 1246 476 :
1283 433 1428 493 pleriq
1472 444 1620 476 tamen

222 510 477 555 deuotiores
504 510 558 554 ad
596 509 858 554 celebriores
886 508 1143 552 festiuitates
1176 504 1507 567 exomologesin
1535 521 1622 549 au-

221 585 454 628 ricularem
492 583 637 627 facere
670 599 762 626 non
806 583 1050 643 negligunt.
1096 581 1141 625 Id
1178 580 1209 624 fi
1250 581 1346 640 quis
1383 579 1620 623 constituto

223 669 425 717 tempore
448 656 661 716 paschatis
686 657 946 716 neglexerit,
967 655 1202 700 anathema
1225 653 1308 699 esse
1332 653 1444 698 solet
1467 653 1622 697 omni—

220 730 326 783 bus,
365 731 703 790 abominaturq,
743 730 926 791 ipseque
949 731 1002 775 ab
1034 732 1236 775 omnium
1269 728 1620 781 conuersatione,

221 803 424 863 adeoque
457 804 508 848 ab
543 804 732 849 eccleliae
766 803 953 866 ingressu
989 811 1230 849 co'e’rcetur.
1273 802 1509 848 Confessus
1532 804 1623 847 ita—

223 893 311 936 que
344 893 433 937 quo
470 878 601 938 digne
632 880 849 938 particeps
880 878 975 922 fieri
1008 877 1135 939 poffit
1169 879 1278 923 tanti
1301 877 1489 938 mysteri]
1516 892 1623 921 cor—

220 951 339 1010 poris
375 951 420 994 &
454 950 673 1013 sanguinis
707 952 898 1005 domini,
932 954 1052 1012 prius
1083 967 1164 1012 per
1195 953 1366 1011 aliquot
1398 951 1488 995 dies
1516 965 1623 994 cor—

221 1040 304 1084 pus
338 1024 499 1085 affligat
533 1039 739 1086 oportet,
773 1028 819 1070 ok
853 1028 897 1070 in
922 1026 1182 1071 seruitutem
1215 1025 1298 1085 usq
1331 1025 1498 1085 redigat
1521 1040 1623 1069 car—

223 1114 327 1142 nem
360 1097 504 1152 suam,
541 1101 769 1160 reliquosq
800 1102 1079 1160 poenitentiae
1113 1098 1285 1143 frucstus
1322 1099 1477 1160 dignos
1509 1100 1554 1142 in
1581 1111 1623 1143 te

223 1171 478 1216 stimonium
517 1173 686 1217 afflicstae
726 1174 1004 1218 conscientiae
1048 1186 1240 1234 peragat.
1284 1174 1410 1217 Proin
1456 1173 1624 1216 ieiuni—

224 1261 301 1289 um
334 1246 442 1289 illud
481 1247 850 1309 quadragesimale
889 1248 913 1292 a
954 1248 1127 1292 Christo
1169 1248 1215 1292 ἅ
1254 1247 1457 1308 apostolis
1497 1247 1623 1291 nobis

224 1319 470 1364 institutum
515 1321 693 1381 prorsus
737 1321 984 1375 affirmant,
1035 1338 1124 1382 quo
1174 1322 1354 1382 quidem
1407 1334 1623 1382 tempore,

224 1394 435 1453 quoniam
487 1396 688 1439 omniurn
736 1397 1067 1456 procreantium
1113 1397 1278 1440 Veneri
1323 1395 1625 1440 commodiffi-

222 1483 347 1511 mum
381 1468 464 1520 est,
505 1482 583 1529 atq
619 1471 814 1529 pruritus
854 1469 1142 1514 acerbiffimos
1177 1471 1469 1515 animantium
1506 1487 1625 1514 cun—

224 1539 401 1585 &orum
434 1558 526 1586 non
560 1543 619 1587 est
651 1544 773 1604 quod
804 1545 902 1604 plus
936 1557 1178 1604 prouocet,
1214 1561 1325 1605 opus
1355 1545 1413 1589 est
1436 1544 1623 1598 summe,

224 1627 275 1659 ut
313 1618 475 1661 ueteris
510 1618 624 1662 illius
656 1618 765 1662 Adae
797 1618 982 1663 insultus
1014 1619 1329 1679 perdomemus
1364 1621 1502 1664 carnis
1539 1619 1625 1663 ab-

224 1688 426 1734 stinentia
447 1710 454 1733 :
481 1707 581 1750 quae
604 1705 722 1736 certe
746 1693 1018 1745 abstinentia,
1043 1693 1160 1753 apud
1183 1694 1264 1737 hos
1288 1693 1468 1754 quidem
1501 1692 1625 1753 septe

225 1761 513 1807 hebdomadis
553 1763 723 1808 summa
760 1765 986 1827 diligentia
1023 1766 1272 1826 perficitur,
1313 1767 1423 1811 adeo
1458 1779 1507 1811 ut
1539 1767 1625 1811 hoc

227 1846 429 1896 tempore
462 1838 506 1880 in
539 1851 809 1898 perpetuum
833 1841 944 1883 nulli
968 1839 1148 1884 suorum
1181 1841 1440 1893 hominum,
1476 1842 1625 1885 carni—

224 1908 322 1962 bus,
347 1912 459 1964 ouis,
482 1911 623 1964 caseo,
643 1914 687 1956 &
707 1913 870 1974 butyro
895 1914 1013 1958 uesci
1035 1915 1174 1960 liceat.
1202 1917 1361 1959 Praeter
1383 1916 1467 1959 hoc
1491 1916 1624 1960 etiam

226 1981 250 2026 a
281 1982 450 2028 decima
483 1985 554 2029 die
584 1988 852 2031 Nouembris
886 1988 940 2032 ad
972 1987 1132 2033 festum
1165 1988 1248 2049 usq
1280 1990 1533 2034 Natiuitatis
1565 1987 1626 2033 sal

226 2059 392 2102 uatoris
416 2058 548 2102 nostri
575 2059 668 2104 Iesu
693 2061 875 2114 Christi,
901 2063 1118 2115 ieiunant,
1144 2063 1311 2108 habent
1338 2064 1385 2108 ἅ
1412 2065 1513 2108 alias
1537 2064 1624 2108 heb

228 2130 438 2175 domades
461 2134 714 2187 continuas,
740 2135 900 2194 quibus
924 2137 1124 2181 ieiunant
1144 2157 1152 2180 :
1179 2149 1228 2181 ut
1251 2138 1296 2181 in
1322 2139 1448 2182 Iunio
1472 2138 1526 2182 ad
1549 2137 1626 2183 fe—

227 2203 338 2248 stum
371 2207 483 2249 Petri
516 2206 562 2250 &
602 2208 732 2251 Pauli.
774 2209 960 2268 Aliquot
991 2210 1098 2254 item
1128 2210 1428 2255 hebdomadas
1458 2213 1503 2256 in
1529 2214 1626 2256 Au-

228 2278 351 2339 gusto
390 2278 444 2323 ad
482 2279 640 2324 festum
677 2280 994 2342 Assumptionis
1031 2284 1200 2337 Mariae,
1245 2296 1339 2329 tum
1377 2285 1494 2329 diem
1528 2286 1626 2330 Ve—

1424 2361 1466 2402 D
