1958 2605
148 2278 183 2301 In.

187 2276 314 2309 lass'cnlirr.

624 289 1172 325 MOSCOVITARVM
1216 291 1511 334 RELIGIO,

367 373 475 420 tant,
495 378 624 405 noxae
648 361 810 407 scilicet
828 362 1208 417 obliterationem,
1229 365 1275 408 ἃ
1295 366 1444 425 gratiae
1463 364 1552 409 suae
1575 366 1774 427 largitio-

363 451 491 488 nem,
516 435 831 497 sempiternaeq
854 439 959 482 uitae
983 455 1162 490 munus,
1187 438 1240 482 ad
1269 439 1392 499 quod
1419 446 1495 484 oes
1526 456 1607 484 nos
1630 439 1775 500 spira—

363 524 411 554 re
435 526 490 554 ex
512 509 681 554 cunffis
700 511 870 555 uiribus
893 512 1035 556 cordis
1059 513 1193 557 nostri
1211 514 1424 557 conuenit
1450 514 1593 558 unice.
1621 514 1775 558 Consti

365 595 499 628 tuunt
526 584 580 628 ad
612 584 706 629 haec
738 587 1119 647 peregrinationes
1143 586 1197 631 ad
1219 587 1474 648 praescripta
1498 587 1702 648 quaedam
1725 605 1774 633 ac

364 656 513 702 sancta
535 659 633 702 loca
654 679 662 702 :
683 675 819 719 quam
838 676 931 704 rem
955 677 1075 705 nunc
1097 661 1224 706 Iubes
1247 674 1481 722 praetereo.
1506 664 1619 706 Nam
1637 661 1668 706 fi
1687 678 1775 706 cun

364 731 434 777 ‹S’ta
456 732 658 778 refereda
676 733 814 780 essent
837 736 1070 781 Serenitati
1095 749 1198 789 tuae,
1223 753 1323 797 quae
1345 753 1401 781 ex
1420 738 1599 781 illorum
1617 738 1773 799 religio

364 823 420 851 ne
444 805 605 861 essent,
638 808 749 853 iusto
773 810 956 870 quidem
980 811 1213 855 uolumine
1237 811 1347 854 illud
1381 812 1555 872 agendi]
1578 811 1711 856 foret.
1738 813 1773 856 Is

363 897 547 941 quoque
587 883 663 942 qui
702 884 862 928 morbo
902 885 1052 945 aliquo
1084 898 1386 945 praegrauatus
1410 885 1492 938 est,
1526 885 1774 930 cuiusmodi

362 957 407 1000 in
432 968 684 1002 extremum
709 960 864 1003 mortis
888 960 1090 1019 periculsl
1113 959 1276 1003 ducere
1305 959 1506 1012 uidetur,
1543 967 1603 1004 no
1627 959 1772 1004 solum

362 1032 595 1075 auriculari
627 1032 899 1078 confeffione
927 1032 1004 1078 sua
1025 1046 1205 1094 peccata
1229 1049 1492 1078 enumerare
1519 1033 1659 1078 solet:
1686 1051 1775 1079 ue—

362 1120 462 1149 rum
493 1105 546 1149 ad
568 1106 654 1150 hoc
678 1108 835 1160 etiam,
865 1120 915 1152 ut
941 1107 1075 1152 fidem
1109 1107 1234 1152 suam
1260 1107 1444 1172 testetur
1463 1109 1509 1151 in
1534 1107 1773 1161 Christum,

363 1181 440 1240 qui
465 1180 551 1224 hoc
575 1181 712 1225 modo
739 1182 968 1227 testameto
1000 1184 1181 1243 reliquit
1214 1182 1259 1227 se
1287 1181 1564 1226 remiflurum
1591 1199 1772 1236 noxam,

363 1254 634 1300 sacramento
669 1256 937 1300 eucharistiae
960 1256 1238 1317 prouidetur.
1277 1258 1524 1301 Extremam
1548 1257 1654 1301 item
1680 1273 1774 1300 un—

363 1328 559 1374 &ionem
583 1331 768 1375 minime
792 1332 988 1393 negligit.
1025 1333 1145 1375 Tum
1168 1346 1250 1392 pro
1274 1344 1521 1392 aegrotante
1548 1330 1774 1391 frequen—

364 1416 427 1447 tes
450 1403 567 1448 fiunt
590 1406 839 1458 orationes,
874 1418 952 1466 atq
983 1406 1137 1450 litania
1169 1420 1236 1450 res
1269 1407 1426 1466 agitur.
1463 1406 1563 1465 Sicq
1593 1404 1772 1449 tandem
1827 1454 1834 1458 ,

363 1476 516 1522 exacta
538 1478 864 1541 exomologesi,
896 1495 978 1540 pro
1014 1481 1136 1539 rituq
1166 1480 1395 1523 communi
1419 1479 1773 1523 Christianorum

363 1553 572 1597 omnibus
596 1555 883 1614 perpetratis,
919 1552 1139 1598 confessus
1171 1554 1246 1598 ille
1273 1553 1298 1597 a
1321 1553 1548 1598 sacerdote
1571 1553 1774 1598 absolui-

365 1639 449 1671 tur.
475 1628 655 1688 Septem
678 1629 812 1689 igitur
834 1643 1024 1673 numero
1049 1628 1320 1672 sacramenta
1343 1628 1534 1680 habent,
1563 1628 1691 1672 uelut
1723 1643 1775 1671 ea

362 1717 462 1761 quae
486 1700 579 1746 fine
601 1705 724 1746 omni
752 1702 912 1747 fraude
936 1701 1225 1763 promiffionu
1251 1702 1432 1746 suarum
1462 1718 1566 1746 eum
1596 1703 1674 1762 qui
1691 1717 1773 1762 pro

363 1776 610 1821 Christiana
632 1778 800 1838 pietate
826 1777 925 1838 ipfis
949 1779 1116 1831 utitur,
1139 1779 1421 1838 participem,
1445 1793 1493 1821 ac
1516 1789 1774 1838 compotem

361 1849 545 1895 faciunt.
574 1867 723 1911 neque
758 1864 846 1896 tam
874 1851 1002 1897 facile
1033 1851 1079 1896 se
1105 1851 1256 1896 deludi
1285 1851 1444 1896 talibus
1470 1850 1775 1912 promistioni-

361 1924 444 1968 bus
468 1924 776 1985 suspicantur:
802 1925 878 1970 sed
911 1925 1129 1971 constanti
1158 1927 1308 1970 animo
1333 1925 1522 1970 credunt
1544 1926 1596 1986 ijs
1619 1926 1775 1970 omni-

362 1998 469 2052 bus,
495 2015 595 2059 quae
623 1999 677 2043 ab
711 1999 890 2044 ecclesia
913 2000 1143 2044 docentur.
1170 2001 1390 2059 Praecepta
1413 2000 1520 2043 item
1545 1999 1699 2043 decem
1724 2015 1775 2043 ea

363 2073 465 2118 dem
498 2073 771 2118 authoritate
806 2086 987 2127 tenent,
1028 2090 1117 2134 qua
1149 2072 1256 2117 Mofi
1289 2074 1435 2134 primo
1469 2073 1628 2118 tradita
1655 2072 1772 2126 sunt,

364 2147 485 2209 quafi
507 2155 706 2208 nuquam
731 2150 1085 2202 intermoritura,
1120 2149 1229 2193 certi
1251 2163 1333 2209 per
1350 2149 1492 2192 uerbu
1516 2150 1624 2201 eius,
1651 2148 1774 2209 quod

364 2223 541 2267 uenerit
564 2234 615 2267 ut
640 2222 848 2283 impleret
870 2224 983 2284 lege,
1007 2223 1192 2267 minime
1216 2235 1267 2267 ut
1290 2221 1498 2267 solueret.
1525 2222 1774 2285 Indulgen-

367 2297 445 2341 tias
478 2296 532 2341 ab
565 2296 895 2358 archiepiscopo
929 2297 976 2341 ἃ
1010 2296 1226 2357 episcopis
1259 2297 1505 2356 accipiunt,
1530 2298 1665 2358 magis
1700 2310 1773 2341 ta—

1669 2387 1773 2416 men
