1958 2605
80 519 215 544 Facultates
236 519 324 552 episco-

76 564 164 592 porum
174 568 205 583 cr
215 558 303 583 decimi

120 647 164 672 que
176 639 288 672 putastis.

99 943 240 967 Sacerdotia
250 951 306 967 uero

79 989 125 1016 pro
147 982 246 1016 reliquis
259 984 324 1015 sun-

135 1023 269 1054 ilczlczsunt¹

85 1306 105 1329 C
104 1306 183 1331 allatio
203 1307 326 1339 beneficio-

96 1752 202 1785 Infignia
214 1752 303 1786 episcop

177 1801 191 1816 r

121 1953 201 1978 clerus
214 1953 294 1977 habet.

99 2118 217 2143 Monachi
224 2118 317 2151 plures.

616 253 1126 291 MOSCOVITARVM
1170 257 1458 299 RELIGIO,

336 328 444 372 licus
478 327 611 380 ordo,
646 343 694 371 ac
727 328 773 371 in
796 327 962 373 sortem
986 329 1157 374 domini
1190 331 1367 374 uocatio
1391 329 1563 375 fecerit.
1601 331 1749 376 Habet

338 402 384 446 ἅ
417 401 613 462 episcopi
644 401 746 446 suos
780 403 968 448 uicarios
1003 404 1050 448 ὃς
1088 403 1317 457 officiales,
1365 403 1747 464 quemadmodum

339 476 385 519 ὃς
410 476 566 528 nostri,
592 477 669 536 qui
692 475 1018 523 iurisditionem
1041 479 1087 522 in
1111 478 1309 523 subditos
1334 491 1569 531 exercent,
1602 479 1649 522 ὃς
1672 480 1750 522 iu—

81 598 145 623 uillis
159 580 243 631 cast-is
258 568 330 623 aur-‘s'-
338 549 495 594 stitiam
546 551 591 594 in
640 551 773 595 rebus
818 550 1107 596 ecclesiasticis
1161 551 1475 596 administrant.
1538 553 1748 605 Decimis,

339 624 721 685 quemadmodum
744 624 768 669 ὲ
791 624 876 669 deo
905 624 1135 670 decretum
1169 626 1252 679 est,
1293 643 1419 686 quoq
1450 627 1615 671 uiuunt
1647 627 1750 686 epi—

339 697 487 759 scopi:
525 698 733 759 dominijs
768 712 960 744 utuntur
993 702 1089 745 iure
1123 699 1352 753 conceffis,
1387 701 1511 745 uillas
1543 717 1591 745 ac
1619 701 1751 745 castra

338 771 569 833 poffident.
625 774 812 833 Reliqua
862 789 973 818 uero
1019 773 1299 818 sacerdotum
1349 774 1478 819 turba
1530 775 1750 834 aliquibus

338 846 543 899 decimis,
584 847 910 900 oblationibus,
953 848 999 891 ἅ
1039 848 1131 907 alijs
1174 849 1513 907 quamplurimis
1551 861 1640 893 tam
1673 850 1751 892 ui—

338 936 503 964 uorum
528 921 661 981 quarn
686 935 973 966 mortuorum
997 922 1190 966 aluntur.
1221 923 1302 966 Pro
1329 923 1379 982 ijs
1399 923 1518 966 enirn
1535 922 1751 968 beneficia

337 994 473 1039 habet
495 994 706 1048 fundata,
736 1003 882 1056 quoru
905 997 1084 1056 patroni
1104 994 1208 1040 sunt
1233 1008 1322 1040 tarn
1346 995 1592 1056 spirituales
1616 1013 1750 1056 quam

339 1070 449 1113 laici.
476 1070 697 1114 Seueriori
723 1082 870 1114 tamen
900 1085 1004 1114 cura
1030 1070 1099 1114 hic
1118 1071 1261 1131 agitur
1281 1070 1413 1130 quam
1439 1069 1578 1115 soleat
1604 1071 1752 1114 inter—

340 1142 448 1187 dum
472 1142 728 1196 nobiscum,
754 1144 1051 1205 negligentius
1076 1143 1249 1188 scilicet.
1277 1145 1459 1188 Nemini
1482 1145 1601 1188 enim
1625 1143 1752 1188 facile

340 1216 521 1276 aliquod
569 1232 733 1261 munus
784 1216 1114 1261 ecclesiasticum
1171 1217 1512 1263 commendatur
1532 1254 1542 1271 ,
1603 1233 1753 1278 neque

341 1290 541 1335 cofertur
566 1289 834 1335 beneficium
849 1326 860 1343 ,
885 1289 963 1334 nis1
985 1292 1107 1351 prius
1140 1291 1242 1335 huic
1266 1290 1344 1351 ipsi
1368 1291 1619 1336 satisfacere
1641 1290 1754 1352 pos-

340 1363 385 1409 se
409 1365 730 1425 comprobetur
751 1386 759 1409 :
785 1381 865 1426 per
899 1367 992 1410 eius
1020 1367 1083 1410 rei
1108 1378 1258 1410 tamen
1280 1366 1470 1426 peritos,
1498 1366 1627 1410 uelut
1650 1366 1753 1426 epi—

341 1437 497 1499 scopos
522 1452 599 1484 aut
624 1441 825 1484 uicarios.
852 1441 928 1484 Ssit
956 1439 1170 1500 episcopis
1198 1439 1287 1483 suae
1310 1439 1515 1492 familiae,
1542 1447 1590 1484 tsi
1612 1439 1753 1484 nobi—

340 1513 480 1566 libus,
512 1525 607 1557 tum
631 1514 724 1574 alijs
758 1513 1021 1558 constitutae.
1059 1514 1117 1557 Hi
1150 1526 1269 1558 certe
1299 1512 1402 1558 sunt
1435 1512 1648 1574 episcopi,
1672 1528 1753 1574 per

342 1603 454 1647 quos
488 1587 600 1648 statq
633 1587 781 1648 caditq
812 1587 1021 1633 uniuersa
1051 1589 1366 1633 Ruthenorum
1404 1589 1572 1650 religio.
1614 1589 1754 1632 Diui-

342 1676 399 1705 na
416 1659 533 1721 saepe
557 1669 650 1722 qus1
676 1669 730 1706 cu
752 1663 1024 1722 imperatore
1052 1663 1333 1707 conueniunt
1355 1677 1567 1723 peragere
1593 1660 1750 1706 solent.

305 1762 328 1778 0-
342 1736 424 1779 Pro
453 1734 692 1796 insignibus
726 1736 838 1780 tanti
868 1735 1000 1780 huius
1034 1737 1229 1780 muneris
1258 1736 1423 1780 baculis
1456 1747 1671 1788 utuntur,
1706 1735 1754 1779 ὃς

342 1809 507 1861 mitris,
531 1809 717 1869 perinde
751 1822 829 1869 atq
861 1809 994 1854 nostri
1025 1808 1170 1854 solent
1193 1809 1401 1870 episcopi.
1438 1811 1491 1853 Ea
1523 1824 1634 1853 uero
1667 1808 1754 1853 ab—

244 1922 256 1937 ,
272 1882 513 1938 msstinetia
535 1883 618 1936 est,
643 1899 743 1943 quae
777 1899 1010 1944 nunquam
1038 1883 1138 1928 satis
1161 1883 1330 1927 laudari
1363 1884 1553 1943 poterit,
1577 1882 1752 1943 infignis

343 1955 586 2000 admodum
614 1956 661 2000 ὃς
688 1972 869 2017 magna,
899 1964 947 2001 tsi
978 1955 1318 2016 archiepiscopi,
1348 1968 1443 2000 tum
1475 1956 1752 2016 reliquorum

345 2029 673 2091 episcoporum,
712 2031 797 2074 cibi
830 2043 965 2091 atque
998 2043 1147 2091 potus,
1182 2047 1263 2075 nec
1294 2032 1442 2075 minor
1479 2029 1576 2075 fere
1618 2030 1752 2090 quam

343 2104 572 2148 monachis
596 2105 689 2148 eius
716 2104 932 2165 regionis,
964 2104 1125 2164 quibus
1155 2103 1246 2164 ipsa
1268 2103 1381 2149 solet
1407 2102 1491 2148 effe
1520 2103 1753 2148 refertiffi—

344 2194 439 2222 ma:
456 2179 532 2238 qui
551 2178 732 2238 quidem
751 2194 802 2223 ea
819 2179 918 2240 lege
936 2177 1131 2223 obstriffi
1149 2178 1437 2231 abstinentiae,
1452 2190 1504 2223 ut
1520 2193 1753 2238 nunquam

344 2252 390 2296 in
412 2264 683 2312 perpetuum
707 2253 909 2297 carnibus
932 2251 1050 2297 uesci
1075 2253 1216 2297 liceat.
1248 2254 1318 2297 Ne
1345 2253 1480 2313 igitur
1507 2264 1595 2297 tam
1622 2250 1753 2295 facile

1590 2325 1751 2370 uesana
