1958 2605
599 252 1107 288 MOSCOVITARVM
1152 255 1436 297 RELIGIO,

320 325 640 369 comorandum
668 325 738 368 est.
776 326 967 369 Vnicum
995 328 1128 371 etiarn
1161 326 1357 371 solamen
1389 329 1591 373 omnium
1615 330 1722 375 mise

321 400 482 443 riarum
526 403 563 443 ἃ
604 400 902 443 calamitatum
948 417 1046 461 quae
1086 401 1318 454 accidunt,
1371 414 1463 446 tum
1502 402 1722 450 felicitatis

320 489 446 532 aeque
488 472 657 516 summa
701 473 935 517 zestimatur
983 475 1130 534 proles
1151 511 1162 527 ,
1206 476 1410 519 laborum
1462 478 1721 536 patientiam

318 548 460 606 parit:
488 546 736 591 infelicium
767 548 1069 601 tolerantiam,
1103 548 1223 609 spem
1258 551 1461 603 meliors1‚
1486 550 1616 594 famae
1644 567 1721 595 cu-

320 637 426 674 ram,
454 622 629 665 uirtutis
658 622 811 673 calcar,
836 621 1005 666 sudoris
1033 621 1334 676 sedulitatem,
1360 628 1405 668 ὸὶ
1431 626 1600 684 reliqua
1628 625 1721 668 hu-

321 695 528 746 iusmodi„
555 695 714 754 quibus
741 708 946 755 parentes
974 696 1154 756 posteris
1184 696 1268 741 suis
1292 697 1632 742 adcommodare
1657 698 1720 742 stu

319 769 438 813 dent.
479 770 591 812 Sacri
626 769 801 814 ordines
836 785 1017 829 quoque
1057 770 1174 829 apud
1202 770 1315 830 ipsos
1348 769 1433 815 suis
1458 770 1720 830 quibusdam

320 842 697 888 obsecrationibus
742 844 785 888 ἃ
820 844 1093 903 caerexnonijs
1125 842 1424 889 sacerdotibus
1471 844 1721 889 conferun-

65 931 404 975 ctauianq012³n.‹v›1-tur.
449 919 607 977 Neque
640 918 720 961 illis
756 918 946 961 clauium
982 916 1169 977 potestas
1205 917 1361 961 tradita
1394 918 1613 971 creditur,
1642 918 1720 963 nifi

148 973 220 997 ‘mm'
319 991 372 1034 ad
401 991 693 1035 imitationem
721 991 880 1035 Christi
917 992 962 1035 in
989 1005 1114 1034 aures
1148 990 1327 1035 illorum
1361 990 1559 1035 dicatur:
1591 994 1719 1037 Acci-

319 1066 411 1124 pite
444 1064 643 1124 spiritum
673 1063 896 1116 sano'tum,
931 1079 1123 1124 quorum
1155 1064 1404 1109 remiseritis
1437 1077 1638 1125 peccata,
1673 1082 1720 1110 re

319 1139 560 1182 mittuntur
586 1139 656 1182 eis.
690 1138 955 1182 Huiusmodi
977 1151 1095 1182 certe
1123 1138 1342 1199 Euangelij
1368 1137 1538 1191 forma,
1563 1139 1587 1183 a
1610 1139 1719 1184 Chri

319 1212 379 1256 sto
406 1213 531 1256 nobis
555 1212 830 1272 praescripta,
866 1214 988 1256 omni
1020 1213 1121 1256 huic
1153 1213 1229 1272 qui
1264 1212 1317 1256 ab
1344 1212 1553 1273 episcopo
1577 1229 1720 1258 uoca—

322 1298 408 1338 tus,
434 1287 695 1347 ordinatusq
718 1289 763 1330 in
790 1287 1099 1347 presbyterum
1126 1286 1286 1340 fuerit,
1316 1287 1558 1332 authoritas
1586 1287 1719 1332 tribui

321 1372 410 1412 tur,
439 1376 526 1420 qua
551 1360 666 1404 uela
683 1362 871 1421 peccatis
898 1360 1093 1412 soluere,
1118 1361 1191 1405 uel
1214 1362 1265 1421 ijs
1292 1360 1388 1420 ipfis
1414 1361 1634 1405 obnOXIOS
1656 1361 1718 1406 fi—

98 1451 255 1475 panstem.
319 1449 425 1478 nere
457 1434 611 1494 potest.
653 1434 919 1478 Sacerdotali
954 1435 1070 1478 enim
1104 1434 1189 1478 hoc
1221 1434 1459 1478 ministerio
1489 1434 1717 1479 Moscoui-

69 1491 294 1556 Εοψζῖνῖῗὼμ
320 1519 374 1551 tae
408 1508 462 1551 ad
483 1509 794 1568 poenitentiam
822 1520 1023 1553 utuntur.
1061 1507 1272 1568 Quisquis
1306 1524 1484 1568 nanque
1517 1508 1571 1552 ad
1602 1524 1717 1569 pro—

317 1580 563 1625 ueciiorem
588 1594 779 1634 aetatem,
807 1594 885 1642 atq
911 1598 1007 1626 eam
1036 1583 1226 1634 uenerit,
1250 1598 1350 1642 quae
1373 1582 1536 1643 ingeni]
1557 1582 1623 1626 sui
1641 1584 1718 1626 ui—

317 1655 436 1698 ribus
463 1656 529 1699 uti
554 1655 721 1715 potest,
756 1671 805 1699 ac
837 1654 1082 1700 discernere
1115 1657 1231 1700 inter
1263 1655 1434 1699 bonum
1459 1656 1504 1699 ἅ
1533 1656 1716 1709 malum,

316 1727 485 1773 redium
520 1727 568 1773 &
589 1744 801 1789 prauum,
836 1729 1003 1789 lepram
1034 1730 1080 1773 ἃ
1108 1745 1200 1773 non
1222 1729 1406 1789 lepram,
1434 1743 1514 1788 per
1542 1730 1717 1792 contri-

318 1803 486 1847 tionem
516 1801 606 1846 sese
634 1801 826 1863 peccasse
850 1804 1110 1863 agnouerit,
1138 1800 1257 1847 recste
1280 1802 1455 1862 spiritus
1478 1802 1716 1847 contribu-

313 1877 390 1921 lati
424 1875 680 1920 sacrificium
706 1876 916 1928 reddens,
950 1892 1055 1920 mox
1085 1875 1137 1920 ad
1161 1875 1295 1936 pedes
1328 1875 1563 1920 sacerdotis
1591 1877 1714 1936 proci

314 1949 392 2003 dit,
413 1951 459 1994 ἃ
484 1951 527 1994 in
548 1958 653 1995 aure
682 1951 757 2002 illi,
777 1963 826 1995 ut
845 1951 921 2010 qui
945 1949 1092 1994 sedem
1111 1950 1181 1994 dei
1204 1962 1365 2003 teneat,
1386 1949 1548 1994 scelera
1565 1952 1715 1995 omnia

315 2022 490 2069 admissa
534 2023 774 2085 sigillatim,
820 2036 1035 2084 quantum
1077 2025 1291 2068 memoria
1335 2024 1592 2084 recolligere
1628 2040 1713 2085 po—

316 2098 407 2149 test,
432 2114 486 2141 ex
510 2097 665 2142 ordine
689 2114 790 2141 cum
824 2096 1004 2157 planetu
1037 2110 1113 2141 aut
1139 2098 1307 2159 gemitu
1334 2096 1526 2141 declarat
1546 2118 1554 2141 :
1574 2097 1599 2141 a
1621 2113 1712 2157 quo

312 2171 460 2231 postea
491 2170 757 2215 beneficium
793 2169 1105 2223 absolutionis,
1151 2183 1360 2230 tanquam
1394 2170 1553 2215 Christi
1586 2171 1713 2215 uica-

314 2246 403 2296 rio‚
435 2246 601 2305 accipit.
645 2245 759 2288 Huic
792 2245 852 2288 rei
889 2242 1182 2288 conficiundae
1209 2260 1393 2304 quoque
1428 2256 1602 2304 tempus
1625 2244 1712 2288 ha—

1462 2317 1572 2363 bent
1594 2333 1711 2362 con-
