1958 2605
529 271 572 304 D.
620 269 696 303 IO.
744 269 910 302 FABRI
952 267 1256 302 AVTl-IORE.

192 357 254 385 cae
277 339 501 385 seruitutis
524 339 660 385 finem
684 355 812 399 aequa
839 350 991 382 mente
1025 337 1260 398 expee'tare
1283 336 1434 397 poffit‚
1467 337 1594 381 elee-

193 414 424 475 mosynam
446 415 624 459 mittere
647 412 892 457 consueuit.
929 413 1036 456 Satis
1060 428 1181 471 nanq
1206 413 1393 471 impium
1415 409 1495 454 fibi
1516 411 1594 453 ui-

193 488 398 540 deretur,
431 503 535 532 eum
574 485 729 539 deseri,
763 501 898 545 quem
933 484 1120 529 totidem
1153 483 1341 544 ecclefijs
1372 482 1594 544 praefuisse

194 573 354 605 notum
376 559 451 612 fit,
475 560 522 604 δι
545 560 569 603 ὲ
591 575 681 619 quo
705 560 837 603 unico
861 558 957 602 fere
986 558 1150 610 tonde,
1191 570 1448 617 tantarumq
1480 572 1595 617 pro-

193 635 440 677 uinciarum
472 634 626 694 religio
659 633 767 676 olim
799 632 1073 692 dependerit.
1121 633 1240 675 Cum
1272 646 1382 675 uero
1415 632 1460 674 in
1500 631 1594 690 epi-
1617 650 1841 692 Ejffcoporumau-

194 706 431 767 scoporum
455 708 661 759 nomina,
686 705 841 765 sedesq
864 705 1066 750 inciderit
1087 706 1244 757 metio,
1278 704 1594 749 authoritatem
1609 689 1849 759 ξῗᾏῖᾗῖῑηῖιξῖᾜ

193 781 373 824 illorum
391 781 562 840 planius
586 796 633 824 ac
656 780 810 823 rudius
834 780 906 837 (ut
928 780 1072 837 aiunt)
1096 779 1379 839 promulgare
1401 778 1592 838 placuit:
1636 767 1683 799 sas
1685 774 1770 791 rrrrr
1772 766 1808 790 'is'

195 854 272 897 ubi
295 853 427 897 uideo
459 855 556 897 illos
589 853 613 897 a
639 853 792 897 nostris
822 854 868 896 in
901 852 1066 912 plerisq
1099 868 1191 896 non
1219 852 1412 896 multum
1436 850 1595 895 differ-

194 942 243 971 re
263 947 271 970 ε
292 942 386 971 rem
405 928 523 971 enim
548 944 602 971 ex
626 927 781 971 ordine
801 940 1053 986 compertus
1077 925 1186 969 sum.
1213 928 1326 969 Nam
1351 925 1468 985 apud
1491 926 1595 968 Mo-

195 999 384 1045 scouitas
408 1016 459 1045 ea
492 1001 566 1044 lex
599 1000 658 1044 est
682 1002 725 1044 ἅ
751 999 917 1044 [ειῃᾶὶίο
932 1035 942 1052 ‚
967 1012 1017 1043 ut
1040 999 1346 1059 presbyte105‚
1370 997 1417 1042 &
1440 1013 1596 1042 omnes
1609 1020 1791 1043 Sacramentum
1811 1027 1849 1042 0²--

197 1087 424 1134 quotquot
462 1075 607 1118 clerici
646 1073 748 1118 sunt
786 1073 901 1117 solos
941 1073 1150 1117 ordinent
1189 1071 1394 1132 episcopi.
1437 1074 1597 1130 Neque
1694 1058 1766 1082 ’ΜΛ

196 1149 276 1191 ulli
298 1148 558 1208 presbytero
588 1163 786 1207 unquam
811 1162 1066 1206 quenquam
1099 1144 1328 1189 cofirmare
1354 1145 1468 1188 licet.
1500 1145 1597 1188 Hoc

197 1223 316 1266 enim
340 1222 535 1265 muneris
560 1220 767 1281 episcopo
792 1219 873 1264 soli
900 1219 1159 1263 incumbere
1183 1217 1396 1270 afferunt,
1432 1230 1483 1261 ut
1513 1233 1596 1277 po-

195 1294 420 1354 steaquam
455 1293 617 1339 tincius
652 1310 767 1353 aqua
798 1293 973 1337 adultus
1010 1292 1110 1345 fiat,
1154 1307 1232 1352 per
1269 1290 1596 1351 imposltionem

195 1374 365 1412 manuu
394 1367 610 1428 episcopi,
646 1368 692 1411 <Sc
717 1365 987 1428 signaculum
1017 1367 1154 1410 crucis
1187 1364 1357 1425 adeptae
1389 1363 1492 1408 fidei
1523 1376 1597 1408 te-

196 1442 450 1486 stimonium
488 1441 664 1493 reddat,
704 1440 939 1500 firmeturq
976 1455 1056 1500 per
1095 1438 1379 1491 unciionem,
1419 1454 1518 1497 quae
1552 1438 1596 1481 in

196 1514 349 1559 fronte
371 1514 467 1559 fieri
498 1513 622 1559 solet.
657 1514 792 1559 Iidem
823 1515 868 1557 in
901 1529 1028 1557 coena
1059 1512 1229 1557 domini
1260 1511 1446 1556 chrisma
1469 1512 1516 1555 ἃ
1539 1526 1598 1554 0-

196 1589 318 1633 leum
350 1588 576 1633 celebrant
608 1601 743 1648 atque
775 1587 1043 1640 conficiunt,
1077 1588 1200 1631 cuius
1232 1585 1335 1630 dein
1366 1584 1469 1628 usus
1499 1583 1531 1628 fi
1554 1585 1599 1629 in

197 1661 488 1721 baptizando,
517 1660 847 1713 confirmando,
882 1660 1093 1722 ungendo
1129 1659 1340 1704 infirmos.
1377 1658 1465 1702 Soli
1496 1657 1599 1701 sunt

199 1735 276 1793 qui
299 1734 497 1778 institunt
521 1735 567 1778 ὅς
599 1733 842 1778 destituunt
873 1733 1168 1793 presbyteros.
1204 1734 1364 1791 Neque
1398 1746 1596 1790 unquam
1623 1730 1843 1804 ’ζιζξίῑζζῇβχὴ

198 1806 302 1850 lieet
323 1807 440 1850 laicis
464 1808 510 1850 in
534 1806 649 1866 ipsos
682 1806 1059 1858 animaduertere,
1092 1804 1212 1849 secie
1245 1804 1303 1848 ob
1336 1804 1487 1848 oculos
1510 1803 1597 1847 ha—
1682 1812 1787 1845 episcopi-

198 1879 356 1923 bentes
381 1880 500 1923 Pauli
531 1878 777 1923 doetrinam
809 1878 863 1922 ad
889 1878 1204 1930 Timotheum,
1237 1893 1324 1937 qua
1346 1876 1477 1920 dicit:
1502 1878 1598 1920 Ac—
1643 1893 1664 1908 1-
1681 1883 1780 1908 ‘Timoth-
1799 1892 1821 1915 s-

199 1950 426 1996 cusatione
458 1951 666 1996 aduersus
698 1952 1008 2012 presbyterum
1042 1967 1099 1995 ne
1131 1949 1377 2002 admiseris,
1408 1948 1486 1993 nifi
1517 1948 1597 1993 sub

200 2024 376 2069 duobus
399 2037 475 2069 aut
500 2026 638 2069 tribus
663 2025 852 2069 testibus.
879 2026 941 2069 Ita
962 2039 1044 2068 nec
1068 2023 1113 2068 se
1135 2039 1334 2083 unquam
1357 2024 1598 2082 imperator

200 2097 293 2158 ipse
327 2097 382 2142 de
416 2099 560 2158 poenis
588 2099 849 2142 clericorum
882 2099 1063 2158 ingerit,
1097 2097 1183 2140 hoc
1210 2096 1468 2156 episcopalis
1494 2107 1599 2139 tan-

203 2182 298 2214 tum
342 2170 732 2215 animaduersionis
780 2171 1029 2215 constanter
1075 2169 1293 2214 affirmant
1340 2169 1387 2213 ἅ
1430 2168 1598 2228 praedi-

202 2255 319 2295 cant,
343 2256 394 2288 ut
416 2260 491 2288 eos
515 2256 669 2305 arguat
692 2245 739 2288 ὃς
762 2244 951 2305 castiget,
976 2259 1087 2303 quos
1109 2242 1187 2287 fibi
1210 2242 1406 2287 subditos
1430 2249 1598 2303 euage—

1383 2317 1414 2358 B
1452 2330 1468 2374 3

1671 1546 1796 1572 Vnffionis.
