1958 2605
527 289 570 323 D.
618 290 690 323 IO.
739 290 922 324 FABRI
965 290 1293 324 AVTl-IORE.

207 373 517 406 contemnunt.
554 363 602 406 Et
630 361 752 421 quod
780 361 834 405 ad
862 377 1001 422 remp.
1030 363 1240 422 pertinet,
1273 362 1319 406 hi
1352 361 1615 407 aristocratia

208 434 542 495 amplectuntur
561 471 572 488 ,
612 435 746 479 nostri
790 450 899 478 uero
947 435 1240 489 democratia,
1285 435 1613 497 oligarchiaque

209 510 358 553 omnia
380 510 514 570 magis
538 508 710 553 misceri
733 510 907 553 uolunt.
933 509 1091 553 Merito
1116 511 1249 570 igitur
1274 522 1323 554 tu
1345 522 1479 570 atque
1503 511 1613 554 uni-

208 581 321 626 uerfi
354 584 572 642 principes
609 583 864 626 Germaniae
898 581 1116 643 indignari
1147 582 1348 644 poflunt,
1379 584 1502 644 hueq
1533 584 1612 629 de-

208 668 397 700 uentum
432 654 516 700 efle
539 655 714 708 dolere,
740 655 862 716 quod
895 672 976 716 pro
1011 658 1205 717 genuina
1226 657 1439 702 haestenus
1462 660 1612 718 pieta—

209 741 252 774 te
275 729 341 773 sui
364 729 448 775 fint
470 731 663 790 amplexi
687 746 869 775 omnem
893 732 1184 791 impietatem,
1210 733 1256 776 ἃ
1280 733 1325 776 in
1349 732 1470 786 deos,
1495 733 1543 777 ὃς
1565 734 1611 777 in

206 815 428 862 parentes,
453 804 747 863 maioresque,
774 805 821 848 Sc
844 806 889 848 in
905 807 1112 865 patriam.
1139 806 1282 850 Obliti
1305 807 1425 850 enim
1448 808 1610 851 ueteris

207 877 458 936 probitatis,
486 876 609 921 suam
643 877 839 937 ipsorum
866 880 1073 938 patriam,
1099 891 1194 923 tum
1222 881 1387 924 animas
1414 880 1610 925 hostibus

206 950 398 1010 prodere
420 949 578 995 solent.
606 952 785 995 Interim
814 963 963 995 tamen
988 952 1105 996 bene
1130 951 1393 1013 sperandum
1419 954 1576 999 censeo
1598 974 1606 997 :

207 1023 349 1068 statim
381 1025 499 1068 enim
534 1023 610 1068 sua
642 1025 762 1069 mole
785 1039 964 1070 corruet
986 1027 1207 1086 iniquitas.
1239 1028 1467 1072 Caeterum
1490 1029 1609 1073 hila-

205 1098 242 1140 ri
259 1096 426 1149 fronte,
450 1096 606 1142 sereno
630 1099 761 1142 uultu
782 1099 877 1142 haec
900 1115 1013 1152 mea,
1039 1101 1213 1144 minora
1230 1102 1363 1145 etiam
1383 1101 1517 1162 quam
1535 1104 1609 1148 uel

206 1187 335 1231 aequa
357 1170 441 1215 effe
473 1171 633 1232 poffint
665 1174 897 1218 Serenitati
932 1186 1035 1227 tuae,
1060 1190 1178 1218 nunc
1202 1176 1382 1235 accipias
1405 1192 1529 1238 rogo,
1548 1178 1606 1223 bo

204 1245 283 1304 niq
306 1243 497 1298 cosulas,
524 1246 652 1289 breui
676 1245 857 1305 quidem
885 1246 1088 1300 daturus,
1116 1247 1267 1292 forsan
1291 1265 1390 1308 quae
1412 1251 1512 1310 plus
1531 1252 1608 1295 iu—

204 1320 351 1363 uarint
368 1320 566 1363 animum
586 1331 728 1372 tuum,
747 1319 802 1363 de
820 1320 954 1380 Sophi
972 1321 1119 1382 magni
1137 1323 1248 1382 regis
1268 1321 1492 1368 Persarum
1512 1337 1608 1369 turn

130 1417 144 1423 -
204 1394 418 1446 moribus,
444 1405 539 1437 turn
561 1394 748 1455 legibus,
773 1406 868 1438 tum
894 1396 1076 1455 pietate,
1104 1398 1227 1441 cuius
1251 1408 1401 1442 orator
1423 1400 1469 1443 in
1492 1401 1608 1443 comi

206 1467 275 1528 tijs
308 1467 725 1530 Niirnbergenfibus
757 1470 865 1513 olim
899 1481 1020 1513 tuam
1055 1473 1270 1516 conuenit
1302 1474 1604 1518 Serenitatem.

312 1542 430 1586 Bene
448 1543 563 1596 uale,
589 1543 636 1586 ἅ
659 1559 731 1587 me
751 1543 828 1587 tibi
853 1542 1114 1588 deuimstum
1139 1557 1272 1605 atque
1296 1562 1501 1592 commen

400 1615 567 1668 datum,
587 1628 638 1660 ut
656 1615 782 1669 soles,
802 1617 846 1660 in
863 1630 1133 1677 perpetuum
1150 1618 1314 1664 habere
1332 1637 1412 1665 ue-

523 1690 573 1733 lis
603 1704 696 1733 oro.
727 1692 843 1734 Data
869 1691 1084 1751 Tybingae
1107 1692 1286 1736 XVIII.

625 1762 908 1822 Septembris,
928 1765 1032 1807 anni
1050 1764 1104 1807 M.
1126 1766 1181 1808 D.

821 1837 863 1880 X
877 1838 918 1880 X
932 1837 985 1880 V.

483 2019 738 2054 BASILEAE
778 2021 920 2055 APVD
962 2021 1220 2057 ΙΟΑΝΝΙΞΜ
1261 2024 1331 2057 ΒΕ-

565 2093 759 2135 BELWM,
786 2094 942 2128 MENSE
970 2095 1247 2138 1ANVARIO,

690 2166 773 2200 AN.
820 2168 863 2201 M.
895 2168 937 2201 D.
968 2167 1111 2202 XXVI.
