1958 2605
623 294 1173 329 MOSCOVITARVM
1213 295 1503 338 RELIGIO,

363 382 468 411 men
489 367 635 410 minus
659 365 793 426 quam
818 365 1136 412 sacrosanctam
1161 368 1279 412 illam
1304 367 1438 413 fidem
1462 370 1507 413 in
1532 369 1772 423 Christum,

365 456 499 500 quam
522 441 728 500 primitus
756 440 780 484 a
808 441 1006 500 patribus
1031 457 1188 486 eorum
1212 443 1401 502 plantari
1425 443 1470 486 in
1493 443 1553 487 eis
1571 445 1772 504 contigit,

366 516 617 567 temeraria,
653 516 806 574 impia,
840 516 1046 576 pollutaq
1079 515 1249 561 inscitia
1279 515 1537 561 labefactari
1559 516 1773 577 permise-

364 601 498 633 runt:
525 604 684 633 uerum
708 588 850 633 adhuc
875 590 1112 651 integram,
1142 590 1391 651 synceram,
1416 590 1663 651 deuotamq
1687 607 1773 636 con

364 662 521 707 seruat.
549 664 657 722 Qo
681 661 746 716 fit,
766 675 816 707 ut
839 664 1057 708 Serenitas
1082 677 1157 709 tua
1180 664 1278 709 satis
1301 666 1449 709 mirari
1472 681 1565 709 non
1588 667 1772 726 poterit,

364 738 440 797 qui
464 736 554 789 fiat,
580 749 630 781 ut
654 738 730 797 qui
764 738 949 782 cotinuo
973 737 1093 782 bello
1120 737 1372 791 ferocietes‚
1407 754 1562 799 pacem
1587 747 1774 799 nunqua

364 811 654 871 consequuti,
691 811 802 856 adeo
835 812 1047 856 constanti
1071 813 1220 856 animo
1244 811 1367 857 suam
1397 825 1608 857 tueantur
1630 825 1773 858 uetu—

363 885 468 929 stam
499 886 775 946 religionem.
811 887 1063 930 Germanos
1098 898 1249 930 autem
1284 898 1402 930 totos
1435 887 1460 931 a
1493 887 1668 931 Christo
1692 888 1772 931 ali-

364 972 517 1004 enatos
549 961 635 1004 iam
669 959 927 1020 aliquandiu
957 958 1156 1004 extitisse.
1187 960 1300 1020 Qis
1332 976 1434 1004 nam
1466 961 1664 1013 daemon,
1695 973 1773 1006 aut

363 1050 463 1095 quae
488 1035 665 1095 erinnys
699 1050 775 1078 eos
807 1033 1054 1087 fascinarit‚
1089 1033 1188 1078 satis
1223 1035 1429 1095 augurari
1462 1049 1555 1078 non
1582 1034 1771 1095 possum,

363 1110 440 1168 qui
464 1125 539 1153 eos
573 1107 718 1152 nescio
743 1109 788 1151 in
822 1124 957 1168 quam
981 1107 1143 1152 furiam
1177 1120 1313 1168 atque
1346 1107 1627 1168 tyrannidem
1655 1124 1773 1152 con—

362 1184 518 1235 uertit,
543 1199 676 1242 quam
701 1199 794 1226 non
818 1181 962 1226 solum
986 1181 1094 1242 absq
1117 1183 1291 1227 ratione
1324 1183 1370 1227 in
1393 1199 1468 1227 eos
1493 1190 1771 1236 exercuerut,

363 1258 440 1317 qui
464 1256 625 1300 Christi
651 1256 902 1301 testimonio
926 1268 1140 1301 aeternam
1172 1258 1382 1316 patriam,
1412 1257 1502 1301 imo
1522 1256 1645 1316 quod
1672 1257 1772 1317 plus

363 1332 445 1384 est,
476 1331 615 1376 libere
639 1331 951 1391 interpellandi
974 1347 1138 1375 munus
1162 1330 1263 1375 sunt
1292 1330 1582 1391 consequuti,
1614 1347 1697 1392 pro
1720 1332 1771 1392 ijs

361 1407 437 1466 qui
471 1407 516 1450 in
549 1406 674 1450 terris
706 1406 912 1450 laborant
935 1421 1037 1449 cum
1070 1405 1294 1465 periculo,
1329 1406 1376 1449 δε
1410 1404 1578 1449 iactura
1609 1406 1768 1450 animae

362 1479 464 1524 suae.
498 1482 559 1524 At
593 1479 716 1540 quod
745 1481 948 1524 omnium
980 1481 1188 1532 maxime,
1217 1491 1267 1523 ut
1290 1478 1426 1523 semel
1457 1479 1619 1532 dicam,
1645 1480 1771 1523 Ger-

362 1556 502 1599 manis
530 1554 787 1615 indignum,
825 1555 902 1614 qui
933 1553 1107 1615 semper
1141 1552 1484 1598 Christianiffimi
1518 1552 1621 1598 sunt
1652 1554 1771 1598 aesti-

361 1630 496 1682 mati,
514 1630 676 1674 merito
706 1628 848 1673 uideri
870 1628 1036 1689 potest,
1063 1628 1185 1688 quod
1218 1629 1462 1689 pugnantia
1495 1629 1645 1688 potius
1668 1644 1771 1672 cum

361 1703 577 1763 religione
600 1702 794 1763 deligere
826 1703 1057 1762 coeperint.
1089 1702 1177 1746 Vbi
1205 1703 1325 1746 enim
1353 1702 1534 1746 illorum
1557 1702 1663 1746 uitae
1694 1717 1772 1746 ra—

362 1778 424 1822 tio
447 1775 680 1837 perspicua
712 1777 801 1829 est,
842 1777 929 1820 illic
960 1776 1094 1820 nostri
1127 1788 1319 1820 mortem
1353 1777 1488 1837 magis
1512 1775 1770 1836 amplectun

362 1863 434 1896 tur
454 1871 463 1895 ι
489 1851 567 1894 ubi
593 1851 639 1894 hi
663 1851 949 1911 Euangelium
972 1850 1058 1903 dei,
1083 1851 1145 1894 illi
1168 1862 1288 1895 certe
1311 1851 1419 1894 iram
1436 1850 1625 1894 hominu
1641 1850 1770 1910 plan-

363 1937 514 1971 tarunt
535 1945 543 1969 :
563 1925 641 1969 ubi
658 1925 704 1969 hi
728 1926 902 1986 ieiunijs
920 1924 1057 1969 dediti
1075 1924 1192 1977 sunt,
1212 1925 1275 1968 illi
1292 1937 1412 1969 certe
1430 1925 1619 1984 crapulae
1641 1944 1648 1967 :
1669 1924 1770 1967 ubi-

362 2016 542 2060 cunque
563 1999 609 2043 hi
632 2000 772 2044 uitam
796 1999 953 2043 duram
987 2011 1150 2059 agunt,
1185 1999 1249 2042 illi
1278 1998 1459 2058 quidem
1482 1999 1665 2042 mollem
1687 2018 1694 2041 :
1721 1998 1769 2042 ὃς

363 2074 485 2135 quod
519 2074 565 2117 hi
597 2074 807 2134 coniugio
846 2072 900 2116 ad
936 2072 1199 2125 castitatem,
1233 2072 1368 2116 nostri
1400 2083 1520 2116 certe
1554 2071 1771 2116 Germani

361 2150 509 2193 minus
541 2147 661 2193 recle
692 2147 746 2192 ad
776 2146 1008 2191 libidinem
1040 2147 1106 2191 uti
1140 2158 1404 2207 coeperunt:
1435 2145 1591 2206 quodq
1614 2144 1770 2190 certiffi
1833 2156 1836 2159 ’

362 2239 487 2267 mum
511 2220 596 2267 effe
618 2221 781 2282 potest,
806 2233 857 2266 ut
878 2220 945 2264 his
978 2219 1252 2265 sacramenta
1284 2231 1571 2280 peccatorum
1603 2219 1771 2264 molem

363 2297 597 2350 auferunt,
631 2298 692 2341 ita
718 2296 897 2348 nostriS,
932 2294 1048 2355 proh
1071 2293 1226 2347 dolor,
1260 2294 1662 2339 accumulationem
1693 2294 1770 2353 qui

1657 2382 1767 2411 con-
